2054 3232
209 213 661 275 xx.r1uoiu0u.clr.1.
768 294 771 300 Ι
802 223 834 276 ss

17 326 203 383 Atlrem’eneea.
242 327 267 381 l.
288 327 320 396 ln
332 324 383 382 hoo
394 331 496 382 tantum
511 324 561 382 suit
577 325 670 382 odium
686 325 836 384 multitudi-

19 403 78 466 uis,
101 409 134 456 ut
152 417 232 456 nemo
247 418 330 456 ausus
347 401 383 456 sit
399 417 461 456 eum
479 399 547 456 liber
558 401 677 474 sepelire.
717 403 834 475 ltaquea

19 477 110 532 servis
123 475 247 547 sepultus
258 483 307 531 est.

20 605 834 644 ΜΜΜΝΜὲΜΜΜΜΜΜΜΜΜΗ-ΦΜΦ

393 716 474 772 XX.

252 819 614 880 TIMOLEON.

373 956 441 1014 Cer.
462 959 485 1013 1.

82 1065 469 1140 Tauorsoacosrssmus.
489 1047 835 1152 Siuedubio'magnusom-
924 1097 929 1106 ⁸

22 1152 106 1207 nium
119 1149 219 1206 iudicio
235 1150 334 1208 hiavit
346 1151 454 1208 exstitit.
493 1152 615 1223 Namque
631 1151 695 1208 huio
713 1153 759 1208 uni
772 1171 835 1210 oon-

22 1229 100 1302 tigit,
122 1225 196 1298 quod
208 1225 297 1282 neseio
308 1243 343 1282 en
356 1225 420 1294 ulli,
440 1233 469 1282 ut
486 1234 512 1282 et
523 1225 650 1298 patrina,
669 1226 697 1282 in
714 1244 768 1298 qua
780 1238 839 1284 erat·

23 1311 124 1367 natus,
143 1318 296 1373 oppressam
308 1319 324 1356 a
336 1309 449 1376 tyranno
461 1300 595 1366 liberaret,
614 1308 639 1356 et
656 1319 671 1356 a
684 1301 832 1376 Syracusis,
936 1321 939 1326 ·

24 1378 132 1450 quibus
144 1375 245 1432 auxilio
257 1383 311 1432 erat
323 1377 432 1444 missus,
443 1376 613 1434 inveteratam
623 1377 776 1432 servitutem
788 1378 835 1432 de-

23 1453 149 1525 pelleret,
168 1458 302 1523 totamque
313 1451 445 1517 Siciliam,
463 1450 566 1508 multos
578 1468 660 1506 annos
672 1449 742 1506 bello
754 1469 835 1508 vexa-

24 1536 81 1583 tam
100 1545 118 1582 a
134 1526 308 1598 barbarisque
323 1543 491 1600 oppressam,
511 1543 560 1582 ιιιο
572 1525 687 1584 adventu
704 1526 732 1580 in
745 1526 835 1597 pristi-

24 1620 96 1658 num
109 1601 267 1656 restitueret.
295 1605 322 1659 2.
342 1602 395 1658 Sed
404 1603 433 1657 in
442 1602 486 1658 his
499 1602 579 1658 rebus
591 1618 644 1656 non
657 1600 772 1672 simplici
782 1599 835 1656 lor-

24 1685 93 1733 tuna
110 1675 273 1732 oonlliotatus
290 1683 342 1742 est,
365 1683 404 1742 et,
427 1676 457 1732 id
472 1676 545 1749 quod
561 1675 697 1740 difficilius
715 1683 832 1748 putetur,

25 1753 115 1808 multo
126 1751 273 1824 sapientius
285 1750 345 1808 tulit
357 1751 516 1818 secundam,
535 1769 618 1824 quem
630 1751 769 1810 adversam
781 1750 835 1806 lor-

26 1837 133 1884 tunam.
164 1830 191 1882 3.
211 1827 279 1881 Nem
292 1843 378 1898 quum
389 1825 468 1882 frater
480 1826 538 1885 eius
550 1826 735 1898 Timophanes,
750 1826 807 1882 dux
819 1845 835 1882 a

27 1901 175 1960 Corinthiis
184 1895 309 1967 delectus,
320 1901 488 1976 tyrannidem
498 1917 545 1973 per
554 1901 651 1958 milites
661 1903 834 1958 meroeuarios

27 1983 196 2050 oocupasset‚
215 1975 397 2048 particepsque
412 1977 488 2050 regni
500 1984 588 2048 posset
600 1994 669 2032 esse:
690 1983 796 2032 mutum
806 1994 835 2032 a·

27 2054 79 2109 luit
95 2071 112 2107 a
129 2051 251 2106 societate
265 2051 383 2118 sceleris,
402 2059 432 2108 ut
445 2050 592 2107 antetulerit
607 2067 716 2106 suorum
733 2049 834 2105 civium

28 2129 178 2184 libertatem
189 2125 277 2182 fratris
285 2125 374 2192 saluti,
386 2133 411 2182 et
419 2125 517 2198 patriae
526 2141 617 2196 parere
627 2123 740 2196 legibus,
751 2141 834 2196 quam

27 2205 173 2276 imperare,
192 2201 276 2256 satius
288 2201 402 2258 duxerit.
442 2203 468 2256 l.
488 2201 542 2254 llao
553 2205 640 2254 mente
651 2215 699 2270 per
710 2197 835 2270 haruspi-

29 2297 87 2334 oem
112 2290 335 2348 communemque
347 2276 471 2342 adfinem,
483 2275 527 2330 oui
536 2291 617 2340 soror,
628 2291 663 2330 ex
675 2271 775 2328 eisdem
787 2291 835 2346 pa-

30 2353 151 2410 rentibus
160 2359 229 2418 neta,
241 2359 324 2423 nupta
332 2358 395 2417 erat,
406 2350 511 2406 fratrem
520 2357 663 2425 tyrannum
676 2349 835 2406 interfioien-

32 2430 98 2485 dum
110 2427 222 2483 curavit.
260 2427 320 2498 Ipsa
332 2443 385 2484 non
398 2426 476 2482 modo
489 2443 585 2484 manius
598 2443 651 2480 non
670 2423 769 2491 attulit,
788 2423 835 2482 sod

32 2523 65 2562 ne
92 2503 227 2575 adspicere
253 2500 361 2574 quidem
387 2499 533 2556 fraternum
556 2499 713 2574 sanguinem
740 2498 834 2556 voluit.

32 2582 115 2645 Nam,
133 2579 200 2633 dum
217 2593 259 2634 ree
275 2576 458 2641 oonfieeretur,
475 2574 567 2648 prooul
584 2575 613 2630 in
629 2572 759 2646 praesidio
773 2571 832 2638 luit,

33 2654 141 2727 nequis
154 2652 257 2708 satelles
268 2658 355 2724 posset
367 2667 528 2706 suoeurrem.
567 2653 594 2706 ὅ.
614 2651 668 2704 lloo
683 2646 836 2720 praeclaris-

34 2731 134 2788 simum
150 2728 208 2788 'eius
224 2725 328 2788 facinus
343 2743 398 2786 non
414 2725 473 2805 pari
489 2725 568 2786 modo
586 2724 727 2802 probaton
747 2728 785 2788 tel
801 2722 835 2787 eh
