2058 3234
183 200 214 254 ll
307 194 345 252 11.
362 187 675 252 'Tuuursuucuss
697 191 780 251 CAP.
801 192 855 248 lX.

181 305 266 360 srlr'am
279 305 337 360 eius
352 304 493 377 parvulam
508 305 632 376 arripuit,
654 312 754 360 etcum
768 322 799 359 ea
812 321 841 358 se
856 305 884 358 in
901 319 998 358 sacra-

181 379 601 454 rium,quodsummaoolehatur
610 379 904 446 caerimonia,coniecit.
927 379 998 434 lude

181 474 235 514 nou
248 456 324 528 prius
337 473 460 530 egressus
474 462 526 521 est,
546 473 629 528 quam
643 473 690 512 rex
703 473 766 510 eum
780 455 840 510 deta
854 454 949 510 dextra
967 454 997 508 in

182 531 262 588 fidem
276 531 410 604 reciperet.
448 533 475 586 t.
496 530 583 598 Quem
597 531 734 603 praestitit.
772 531 841 586 Nam
855 547 944 602 quum
960 530 999 584 ab

181 606 389 663 Atheniensibus
401 614 427 661 et
441 605 654 662 Lacedaemoniis
668 613 851 680 exposceretur
870 604 995 677 publice,

181 682 329 755 supplicem
340 701 393 739 non
402 682 527 755 prodidit,
538 683 709 756 monuitque,
724 690 754 738 ut
762 681 911 738 consuleret
920 681 994 750 sibi,

182 757 290 814 dillicile
298 759 371 814 enim
381 775 452 824 esse,
463 758 491 813 in
503 765 557 814 tam
566 759 717 831 propinquo
727 757 783 814 loco
792 766 847 814 tuto
856 773 921 812 eum
931 774 996 812 ver-

182 834 246 890 sari.
285 835 376 906 ltaque
385 833 506 907 Pydnam
515 851 579 889 eum
588 833 684 890 deduci
694 833 786 900 iussit,
797 841 831 899 et,
843 832 916 906 quod
926 833 995 887 satis

182 916 251 966 esset
259 908 394 981 praesidii,
405 908 488 965 dedit.
526 913 554 966 6.
573 909 622 966 llio
633 911 661 965 in
672 927 768 966 navem
777 909 903 965 omnihus
914 908 995 982 igno-

182 992 227 1040 tus
237 981 346 1060 [nautis]
357 983 502 1040 adscendit.
532 984 606 1052 Quae
614 1003 701 1058 quum
711 993 862 1058 tempestate
871 984 994 1040 maxima

183 1061 290 1117 Naxum
301 1059 424 1126 ferretur,
441 1060 487 1115 ubi
497 1067 555 1116 tum
567 1061 770 1117 Atheniensium
779 1069 835 1116 erat
843 1060 992 1123 exercitus:

183 1136 267 1192 sensit
276 1134 476 1202 Themistocles,
487 1135 512 1190 si
520 1153 552 1192 eo
560 1137 735 1209 pervenisset,
747 1136 800 1192 sihi
809 1153 868 1190 esse
876 1153 995 1207 pereun-

183 1211 261 1268 dum.
299 1212 353 1268 llao
362 1212 514 1268 necessitate
522 1219 640 1278 mactus,
655 1212 764 1268 domino
774 1211 865 1275 navis,
881 1211 933 1283 qui
946 1211 992 1276 sit,

184 1287 281 1359 aperit,
295 1287 378 1344 multa
388 1287 529 1360 pollicens,
544 1288 804 1345 siseoonservasset.
842 1288 870 1342 7.
890 1285 992 1352 Atille,

184 1363 325 1419 clarissimi
344 1363 396 1419 viri
414 1371 507 1436 captus
525 1362 719 1429 misericordia,
743 1362 815 1418 diem
834 1368 994 1434 noctemque

184 1438 275 1514 procul
285 1439 319 1494 ab
330 1438 417 1496 insula
428 1439 456 1494 iu
465 1438 522 1496 salo
530 1455 627 1496 navem
637 1439 721 1496 tonuit
734 1438 762 1494 iu
771 1438 888 1503 ancoris,
902 1454 994 1510 neque

184 1532 348 1588 quemquam
358 1532 392 1570 ex
402 1532 432 1570 ea
441 1515 514 1570 exire
523 1531 618 1586 passus
628 1522 677 1570 est.
710 1513 775 1570 Inde
784 1513 922 1586 Ephesum
932 1530 994 1585 per-

185 1591 266 1655 venit,
279 1590 370 1662 ibique
379 1590 581 1644 Themistoclem
590 1589 710 1662 exponit:
723 1589 765 1644 oui
777 1587 822 1644 ille
831 1605 879 1661 pro
889 1589 992 1644 meritis

185 1673 273 1738 postea
283 1665 396 1738 gratiam
405 1665 504 1720 retulit.

242 1741 291 1794 IX.
312 1739 384 1805 Scio,
404 1738 544 1812 plerosque
562 1740 597 1796 ita
615 1739 767 1813 scripsisse,
789 1739 993 1796 Themistoclem

186 1815 276 1870 Xerxe
294 1822 420 1888 reguame
434 1815 462 1870 in
476 1814 568 1870 Asiam
581 1816 718 1872 transisse.
756 1815 809 1872 Sed
822 1833 871 1889 ego
884 1816 994 1886 potissi-

187 1908 263 1946 mum
274 1889 425 1964 Thucydidi
434 1889 524 1956 credo,
536 1891 609 1963 quod
618 1899 699 1946 aetate
708 1891 848 1963 proximus
857 1898 926 1957 erat,
943 1891 993 1964 qui

187 1965 294 2022 illorum
308 1972 457 2037 temporum
472 1965 610 2022 historiam
629 1966 806 2038 reliquerunt,
831 1973 859 2020 et
871 1965 993 2021 eiusdem

187 2041 300 2098 civitatis
309 2039 370 2096 luit.
391 2042 416 2096 le
430 2047 518 2098 autem
529 2042 574 2107 eit,
584 2040 866 2097 edhrtaxerxemeum
876 2041 990 2108 venisse,

187 2125 266 2189 atque
284 2116 333 2172 his
346 2116 436 2173 verbis
454 2117 592 2189 epistolam
611 2117 729 2174 misime:
763 2120 791 2173 2.
814 2118 993 2172 Themistocles

186 2197 245 2248 oeni
257 2197 293 2247 ad
308 2201 343 2256 ta,
357 2197 403 2262 our·
414 2196 530 2261 plurimo
544 2195 616 2248 aeolo
630 2198 743 2248 omnium
754 2192 897 2248 Graiorum
906 2197 992 2248 todo-

186 2285 257 2322 mum
266 2277 338 2322 tuom
347 2271 438 2331 intuli,
453 2285 531 2338 quum
540 2271 604 2322 mihi
613 2285 714 2322 moereo
727 2272 791 2337 fuit,
807 2271 992 2337 aduratupo-

188 2351 253 2398 trem
263 2351 335 2398 tuum
345 2345 449 2405 ballare,
458 2348 625 2413 patriamque
633 2359 716 2398 mecm
724 2347 865 2413 defendero.
885 2345 910 2396 3.
924 2344 991 2398 Idem

187 2421 269 2472 multo
280 2420 361 2485 plura
374 2421 441 2472 hono
454 2423 517 2488 (eoi,
535 2427 673 2488 postquem
682 2423 711 2473 tn
721 2421 852 2485 tutoipro,
872 2427 897 2472 et
911 2421 957 2473 ille
966 2423 990 2472 r'n

184 2495 304 2562 periculo
313 2509 372 2552 esee.
381 2498 470 2560 comit.
499 2493 568 2550 Nam
578 2511 657 2563 quum
666 2497 694 2548 tn
704 2493 792 2548 Artem
803 2497 899 2548 reverta·
907 2497 988 2556 vellet,

185 2571 286 2638 proelio
296 2571 366 2636 apud
376 2567 515 2628 Salamiua
523 2573 606 2639 scoto,
623 2572 707 2624 literis
719 2585 778 2624 eam
788 2572 924 2622 certiorem
933 2572 987 2640 scot,

188 2647 216 2698 id
225 2647 283 2712 opi,
295 2651 324 2698 ut
331 2659 411 2712 porra,
423 2661 497 2712 quem
505 2649 534 2698 iu
544 2645 707 2711 Hellesponto
715 2648 825 2713 fecorat,
839 2646 989 2700 dissolvere·

189 2721 368 2788 tunctorum
377 2722 491 2776 hortibus
500 2723 698 2776 circumiretur:
707 2720 989 2790 quoconltor'tloport·
