2054 3232
168 191 216 248 tut
254 188 350 246 XXV.
369 185 548 246 ATTICUS.
568 185 652 244 ula.
673 187 755 246 XVI.
775 185 876 246 XVII.

165 294 364 352 remitteretur
376 314 463 371 agere.
501 298 657 369 Numquam
669 296 784 368 suscepti
798 303 899 369 negotu
909 311 976 349 eum

165 378 315 443 pertaesum
332 379 381 426 est.
419 371 501 428 Suam
522 371 594 426 enim
610 372 832 428 existimationem
848 370 878 424 in
897 386 930 424 ea
947 387 976 424 re

166 445 210 521 agi
223 446 344 518 putabat:
368 464 422 518 qua
433 446 502 502 nihil
512 441 624 504 habebut
633 447 731 501 carius.
771 449 797 500 3.
811 444 873 511 Quo
883 443 972 508 fiebat,

166 529 197 575 ut
208 521 297 576 omnia
310 521 477 588 Cioeronum,
491 521 606 588 Catonis,
618 523 704 588 llariI,
716 521 749 589 Q.
761 521 906 586 Hortensii,
916 519 974 574 An·

167 595 187 650 li
200 597 334 668 Torquati,
354 597 499 654 multorum
511 605 642 670 praeterea
654 597 777 670 equitum
789 597 973 652 Romanorum

168 673 271 745 negotia
284 680 442 743 procuraret.
471 673 514 728 Ex
525 691 580 746 quo
592 671 704 730 iudicari
715 678 824 744 poterat,
836 687 893 728 non
904 670 973 724 iner-

138 801 144 810 ,
167 745 263 812 tia,sed
276 746 373 802 iudicio
385 746 487 821 Iugisse'
498 747 658 820 rolpublioae
670 746 894 819 pmouratiouern.
1012 743 1013 808 ζ

213 820 295 892 XVI·
315 823 492 878 Humanitatis
509 839 571 879 vero
591 821 698 878 nullum
714 820 816 877 adferre
832 820 925 880 meins
937 826 973 873 te-
1012 815 1013 892 l

168 896 325 951 stimonium
341 913 460 967 possum,
480 915 563 970 quam
578 897 653 972 quod
663 895 815 954 adolesoens
829 895 904 950 idem
917 894 972 948 seni
1012 895 1013 924 ³

169 969 258 1026 Sullae
269 969 348 1024 luerit
360 971 580 1039 iucundissimus,
594 989 676 1028 senex
688 970 847 1028 adolesoenti
856 971 897 1025 Id.
908 970 972 1024 Bru-
1012 979 1013 1004 ³

168 1051 207 1113 to;
236 1061 298 1100 oum
314 1044 472 1118 aequalibus
484 1055 577 1117 ,autem
593 1047 663 1113 suis,
687 1047 720 1112 Q.
739 1045 879 1102 Hortensio
894 1051 921 1098 et
935 1043 971 1098 ll.

170 1118 303 1185 Cioerone,
318 1120 357 1174 sio
368 1120 474 1187 vixerit,
488 1129 519 1176 ut
531 1121 648 1178 iudicare
659 1120 768 1178 difficile
780 1121 824 1185 sit,
839 1119 886 1174 oui
900 1118 972 1174 aetati

169 1193 248 1250 luerit
260 1195 424 1266 aptissimus.
458 1200 486 1253 2.
499 1195 669 1268 Quamquam
681 1213 744 1250 eum
755 1193 900 1266 praecipue
910 1192 974 1246 dile-
1012 1197 1013 1258 l

169 1269 210 1324 xit
226 1269 324 1337 Cioero,
344 1277 374 1326 ut
386 1288 419 1326 ne
431 1268 510 1326 irater
525 1271 636 1342 quidem
650 1271 676 1328 ei
689 1270 805 1338 Quintus
817 1269 907 1324 carior
918 1267 973 1322 lue-
1012 1319 1013 1346 ,

169 1345 204 1400 rit
216 1353 261 1400 aut
272 1344 436 1402 familiarior.
475 1347 502 1402 3.
521 1346 555 1400 Εἰ
567 1347 606 1402 rei
617 1353 681 1402 sunt
693 1344 800 1410 indicIo,
815 1352 922 1416 praeter
931 1359 973 1397 eos
1012 1357 1013 1416 l

170 1417 263 1485 libros,
278 1421 306 1474 in
319 1421 420 1493 quibus
432 1419 466 1476 do
477 1437 508 1476 eo
519 1419 582 1476 Iaoit
591 1421 761 1485 mentionem,
772 1419 821 1491 qui
832 1418 861 1472 in
873 1417 972 1490 vulgus

170 1503 234 1550 sunt
249 1494 321 1560 editi,
340 1494 474 1550 sexdecim
485 1495 622 1568 volumina
634 1494 813 1566 epistolarum,
829 1493 864 1548 ab
877 1507 973 1548 oonsu-

170 1567 224 1624 latu
237 1571 296 1625 elus
308 1587 394 1642 usque
406 1570 440 1626 ad
452 1578 601 1627 extremum
613 1579 718 1642 tempus
729 1569 764 1624 ad
776 1567 897 1624 Atticum
909 1566 973 1620 mie·
1012 1603 1013 1634 ,

170 1660 274 1700 sarum:
301 1663 370 1717 quae
386 1645 434 1718 qui
451 1644 528 1719 legat,
548 1663 601 1702 non
619 1645 736 1700 multum
747 1642 879 1698 desideret
891 1641 973 1697 histo·
1012 1635 1013 1696 i

170 1717 238 1773 riam
262 1727 411 1776 oontextam
439 1719 547 1776 illorum
571 1729 730 1792 temporum.
779 1720 806 1773 l.
830 1717 877 1772 Sin
901 1717 972 1771 enim
1012 1731 1013 1766 i

170 1793 259 1847 omnia
276 1793 309 1848 de
320 1794 417 1850 studiis
433 1795 595 1868 principum,
610 1795 682 1852 vitiis
694 1793 804 1857 dueum,
818 1791 973 1846 mutatIoni-

170 1865 222 1922 bus
236 1867 349 1938 reipubl.
363 1870 505 1940 persorIpta
522 1878 595 1936 sunt,
613 1877 644 1925 ut
655 1868 723 1926 nihil
737 1869 764 1922 in
778 1867 812 1922 iis
825 1884 880 1922 nou
892 1883 972 1938 appu-
1012 1923 1013 1926 ,

171 1949 233 2006 reat,
252 1950 278 1996 et
293 1940 368 1996 facile
384 1943 530 2000 existimari
546 1946 638 2018 possit,
656 1943 824 2016 prudentiam
841 1941 971 2014 quodam·
1012 1991 1013 2008 ,

170 2016 250 2073 modo
261 2034 318 2073 esse
330 2017 529 2076 divinationem.
568 2021 627 2076 Non
643 2021 715 2074 enim
728 2017 817 2074 Cioero
829 2034 859 2072 ea
872 2017 968 2080 solum,

171 2111 240 2165 quae
258 2093 320 2149 vivo
337 2111 365 2148 se
382 2093 545 2159 aeciderunt,
569 2093 658 2150 lutura
674 2092 814 2166 praedixit,
833 2091 969 2147 sedetiam

171 2185 240 2240 quae
253 2185 325 2223 nuno
337 2187 389 2224 usu
402 2169 522 2234 veniunt,
537 2170 639 2234 decinit,
655 2178 685 2223 ut
697 2176 779 2223 vates.
849 2198 852 2206 ·

226 2243 310 2297 xvu.
331 2244 367 2298 De
383 2245 477 2314 pietate
492 2252 580 2299 autem
592 2243 671 2300 dttioi
687 2242 755 2315 quid
767 2240 844 2313 plura
857 2257 969 2295 oomme·

171 2317 290 2372 morem?
314 2320 400 2388 qnn‘m
419 2319 469 2373 hoo
485 2319 574 2390 ipsum
591 2337 652 2374 vere
668 2317 823 2392 gloriantem
841 2315 968 2370 aridiorim

172 2390 199 2445 in
215 2388 304 2443 lunera
317 2393 490 2457 matrissuae,
504 2411 586 2465 quam
596 2393 690 2449 extulit
699 2409 829 2448 annorum
841 2389 968 2464 nonagin-
1012 2443 1013 2450 ,

171 2471 206 2526 ta,
221 2481 306 2535 quum
319 2475 386 2520 esset
398 2477 497 2538 septem
509 2477 534 2522 et
546 2470 692 2542 sexagmta,
706 2485 736 2523 se
747 2483 897 2536 numquam
909 2481 968 2520 cnm

172 2548 255 2593 matre
266 2537 292 2592 in
306 2541 416 2610 gratiam
430 2541 537 2606 redisse,
553 2561 702 2615 numquam
715 2559 776 2596 oum
789 2557 877 2596 sorore
890 2539 969 2594 luisse

172 2613 200 2666 in
213 2611 354 2675 slmultnte,
369 2630 450 2682 quam
462 2631 541 2685 prope
550 2617 686 2687 aerpralem
697 2617 820 2671 habebat.
854 2618 881 2672 2.
895 2611 968 2680 Quod
1012 2639 1013 2674 1

169 2689 211 2738 “est
222 2675 342 2758 signum,
356 2695 403 2740 aut
414 2687 517 2742 nullam
529 2706 660 2762 umquam
671 2691 739 2746 inter
751 2708 795 2748 eos
808 2687 968 2762 querimoni-
