2058 3234
100 161 715 264 '‚xuuuroulrssolr.11.111.
805 205 838 262 ιι
912 165 915 175 ’

19 309 164 384 museto,
175 311 337 384 quodaeque
346 329 441 384 corpus
450 317 546 386 tegeret
555 318 581 367 et
593 310 651 368 leve
664 318 745 378 esset,
761 329 839 370 cura-

18 390 74 445 uit.
287 415 294 428 ι

81 463 123 518 11.
143 460 248 518 Bellum
256 477 318 516 cum
329 460 474 516 Thracibus
483 460 577 534 gessit3
598 459 723 526 Seudren,
734 461 837 518 socium

21 537 252 602 Atheniensium,
271 537 421 608 iuregnum
431 535 552 590 restituit.
590 533 671 607 Apud
680 534 837 592 Corinthum

22 620 104 668 tanta
114 611 251 666 severitate
260 609 384 668 exercitui
394 609 519 682 praefuit,
531 616 561 664 ut
569 609 658 666 nullae
667 627 798 683 umquam
807 611 837 668 in

23 687 145 742 Graecia
155 703 242 757 neque
250 685 439 742 exercitatiores
451 683 553 756 copiae,
569 701 656 756 neque
668 685 755 758 magia
768 685 837 742 dicto
865 747 868 760 ¹

22 761 172 818 audientes
185 759 283 816 luerint
295 757 371 814 duci:
400 761 427 816 2.
448 758 476 814 in
489 775 601 830 eamque
619 759 837 818 consuetudinem

23 835 161 901 adduxit,
176 843 220 902 ut,
235 852 321 907 quum
334 831 427 906 proelii
440 833 548 907 signum
559 833 593 889 ab
606 833 837 908 imperatoreesset
885 853 890 860 ·

24 912 142 976 datum,
158 909 216 964 sine
229 909 304 966 ducis
318 926 396 981 opera
410 907 453 963 sio
462 907 595 964 ordinatae
608 911 790 977 consisterent,
807 919 837 966 ut

24 984 137 1060 singuli
150 984 184 1040 ah
196 983 355 1056 peritissimo
368 983 523 1056 imperatore
535 983 656 1056 dispositi
673 985 834 1060 viderentur.

26 1067 54 1117 h
78 1061 138 1116 Hoc
152 1059 268 1114 exercitu
285 1076 387 1115 moram
399 1058 666 1115 lacedaemoniorum
685 1061 834 1133 intercepit:
867 1093 869 1104 ·

25 1134 108 1209 quod
117 1134 234 1190 maxime
243 1141 294 1190 tota
303 1133 462 1190 celebratum
474 1140 513 1189 est
525 1133 643 1189 Graecia.
681 1136 779 1190 lterum
793 1153 837 1192 eo-

26 1213 97 1266 dem
105 1207 511 1282 belloomnescopiaseorumfu
546 1208 594 1264 vit.
633 1207 766 1276 Quolacto
779 1227 837 1265 ma-

27 1301 117 1360 gnam
133 1283 242 1356 adeptus
256 1291 295 1339 est
308 1283 429 1359 gloriam.
469 1286 495 1338 l.
511 1225 606 1350 {fluum
618 1281 775 1340 Artaxerxes
785 1283 837 1340 Ae-

27 1359 128 1447 gyptio
142 1359 197 1432 regi
211 1359 312 1414 bellum
325 1357 420 1414 inferre
429 1357 526 1423 voluit,
542 1357 698 1430 Iphicratem
712 1360 745 1414 ah
755 1359 836 1414 Athe-

28 1433 175 1491 mensibus
182 1434 275 1505 petivit
283 1433 474 1504 ducem,quem
483 1431 836 1504 praeficeretexercituioon-

28 1506 527 1573 ductitic,cuiuenumerusduodecim
535 1506 652 1562 millium
660 1506 720 1564 fuit.
750 1507 835 1576 Quem

29 1582 145 1658 quidem
155 1581 193 1638 sio
201 1582 274 1639 omni
284 1582 425 1654 disciplina
433 1581 540 1638 militari
551 1581 679 1649 erudivit,
690 1589 729 1648 ut,
741 1599 836 1655 quem-

29 1656 181 1716 admodum
194 1657 330 1730 quondam
342 1656 454 1714 llahiani
472 1656 569 1712 milites
583 1657 695 1714 Romani
713 1657 836 1730 appellati

30 1741 111 1800 sunt,
130 1732 172 1787 sic
183 1733 371 1805 Iphicratenses
385 1731 457 1804 apud
471 1731 582 1788 Graecos
596 1731 625 1786 in
639 1749 744 1788 summa
758 1731 836 1788 laude

31 1807 143 1866 luerint·
182 1810 208 1862 5.
228 1807 314 1873 ldem,
335 1805 455 1862 subsidio
468 1806 680 1862 Lacedaemoniis
693 1806 832 1880 proiectus,

31 1881 233 1958 Epaminondae
246 1881 385 1939 retardavit
398 1881 522 1954 impetus.
561 1883 629 1937 Nam
643 1881 696 1938 nisi
713 1882 771 1938 eius
789 1882 836 1938 ad-

32 1965 132 2018 ventus
141 1956 385 2030 adpropinquasset,
396 1974 448 2012 non
459 1955 534 2028 prius
545 1955 663 2013 Thebani
673 1957 765 2030 Sparta
774 1957 835 2014 abe-

33 2033 184 2097 cessissent,
195 2049 277 2104 qaum
287 2039 388 2104 captam
398 2030 519 2087 incendio
528 2030 666 2086 delessent.

12 2149 18 2152 -
87 2107 136 2164 ΠΙ.
155 2106 218 2161 Fuit
232 2113 319 2161 autem
332 2113 358 2162 et
371 2105 460 2161 animo
476 2113 733 2179 magnoeteorpore,
750 2105 835 2178 impe-

32 2182 183 2252 ratoriaque
195 2179 293 2246 forma,
309 2188 339 2236 ut
353 2181 411 2252 ipso
423 2180 548 2252 adspectu
561 2179 647 2236 cuivis
661 2179 779 2236 iniiceret
788 2181 835 2236 ad-

32 2255 201 2314 mirationem
220 2256 277 2324 sui;
317 2258 344 2312 2.
369 2254 463 2310 sedin
484 2253 572 2310 labore
590 2253 718 2310 remissus
741 2256 832 2321 nimis,

33 2347 185 2405 parumque
192 2330 308 2401 patiens,
318 2337 349 2385 ut
358 2329 542 2401 Theopompus
556 2329 696 2384 memoriae
705 2331 832 2400 prodidit;

33 2408 121 2464 honus
132 2421 194 2461 vero
203 2403 280 2472 civis,
292 2403 398 2478 fideque
408 2421 515 2478 magna.
554 2403 630 2472 Quod
640 2422 726 2478 quum
736 2405 764 2462 iu
775 2406 835 2462 aliis

33 2483 113 2538 rebus
128 2479 281 2546 declaravit,
300 2485 359 2536 tum
371 2479 488 2535 maxima
500 2479 529 2534 in
542 2477 673 2554 Amyntae
686 2481 835 2536 Macedonis

33 2556 126 2612 liberis
145 2555 259 2610 tuendis.
298 2555 420 2627 Namque
432 2553 578 2629 Eurydice,
598 2562 681 2610 mater
699 2555 835 2610 Perdiccae

34 2639 58 2687 et
65 2629 195 2702 Philippi,
206 2645 269 2686 cum
278 2629 322 2685 his
330 2628 436 2685 duobus
443 2629 542 2702 pueris,
553 2628 668 2704 Amynta
678 2637 789 2692 mortuo,
801 2627 836 2684 ad

35 2706 197 2846 Ιριιέοιιωιῧ
200 2701 328 2780 confugit,
339 2704 451 2778 simque
458 2705 555 2778 opibus
564 2702 670 2841 defensfi
678 2710 726 2768 est.
747 2707 772 2761 3.
788 2701 835 2766 vi,

92 2797 152 2847 OM,
198 2797 237 2845 ssl’t
