2058 3234
222 185 276 243 lX.
296 181 442 246 CONON.
462 179 547 240 CAP.
567 181 683 248 11.111.
741 227 744 234 .
821 185 854 240 ³9

102 297 142 352 11.
162 294 253 352 liebus
266 301 355 350 autern
367 291 484 356 nffliotie.
504 307 592 363 quum
609 289 722 362 patriam
739 290 855 348 obsideri

45 369 180 435 audioeet,
192 385 245 426 non
253 368 398 442 quaesivit,
410 367 458 422 uhi
468 367 525 438 ipee
534 374 589 422 tum
600 365 711 432 viveret,
726 365 773 420 end
784 365 855 422 unde

45 444 182 519 praesidio
191 452 282 516 poeeei
294 461 352 500 eaeo
365 441 470 498 civibus
483 442 552 496 suis.
591 442 683 514 ltaque
700 441 809 496 oontulit
826 458 856 498 so

46 521 81 576 ad
91 519 312 584 Pharnabazum,
328 525 449 592 muapnu
459 516 546 572 Ioniae
555 522 581 570 et
593 515 706 590 Lydiae,
718 514 855 570 eumdem·

46 613 101 669 que
109 611 240 669 generum
250 593 321 668 regie
329 601 354 648 et
363 592 560 666 propinquum:
572 589 645 662 apud
653 607 734 663 quem
746 599 775 646 ut
785 587 855 646 mul·

46 678 105 726 tum
116 669 203 744 gratia
212 667 325 734 valeret,
339 667 423 724 mulio
437 665 526 722 labore
535 663 681 738 multisque
694 665 776 722 effecit
786 665 856 737 peri-

46 745 128 800 eulis.
167 748 195 800 2.
215 745 283 800 Nam
305 759 392 816 quum
411 739 623 805 Laoedaemouii,
648 739 855 796 Atheniensibus

46 819 170 883 devium.
182 819 210 876 in
220 819 340 874 annotate
349 835 402 874 non
412 823 556 881 manerent,
567 831 650 889 quam
660 832 722 872 oum
732 815 856 878 Artaxer·

46 913 80 952 xe
89 893 245 959 fenerantni
293 893 431 965 iinumque
440 890 567 948 bellatum
576 891 710 948 misissent
720 891 853 958 inAsiam.

46 970 168 1056 marinae
178 969 253 1056 impu
279 969 312 1024 ia
323 966 512 1039 Tissapherne,
529 966 620 1038 quiex
631 966 732 1054 intimis
742 966 855 1053 rogisah

45 1041 856 1177 uuusuuiz‘uuuuffluiussffi

45 1203 166 1270 perator;
188 1193 335 1267 requidem
345 1209 406 1250 vern
416 1192 542 1248 exeroioui
551 1190 664 1264 praefuit
672 1193 773 1257 Conon,
784 1193 856 1248 eius·

46 1288 102 1345 que
114 1269 510 1416 omniakiuiriffiogee'tassssu‘ririut
525 1271 552 1322 3.
572 1267 745 1354 Hiomultum
761 1267 856 1354 duoeur

46 1363 190 1402 summum
274 1361 357 1400 raum
371 1361 409 1400 un
471 1359 498 1398 vr
516 1383 524 1408 ‚
539 1359 584 1398 sae
636 1359 670 1398 ue
690 1360 749 1398 orus
769 1360 856 1398 eonsi-

47 1421 92 1476 liis
109 1362 334 1492 obstitiqgffeque
348 1436 410 1475 vero
424 1435 477 1474 non
492 1417 542 1472 init
555 1359 689 1488 amum,
705 1418 729 1472 si
744 1417 788 1472 ille
802 1434 854 1474 uon

47 1495 157 1560 inisset,
173 1493 327 1569 Agesilaum
339 1493 430 1550 Asiam
444 1493 531 1550 Tauro
543 1498 621 1549 tonus
635 1492 691 1566 regi
705 1491 787 1548 faisse
800 1509 871 1565 ero·¹

47 1579 171 1644 paurum.
211 1572 237 1625 i.
257 1568 311 1637 Qui
325 1576 496 1642 posteaquam
515 1567 625 1624 domum
643 1585 659 1624 a
676 1567 734 1624 suis
751 1566 856 1626 civibus

48 1653 189 1702 revooatue
202 1651 255 1710 eat,
270 1644 344 1718 quod
352 1643 449 1700 Boeotii
463 1641 670 1700 etAurenieneee
685 1642 857 1700 Leoedaeruo-

48 1721 103 1777 niis
116 1719 220 1776 beilum
234 1719 398 1786 indixerant,
410 1719 501 1792 Conon
511 1718 690 1778 nihilosecius
700 1718 772 1792 apud
782 1736 853 1792 prae-
952 1751 955 1755 -

48 1796 130 1884 foetos
145 1795 216 1870 regie
230 1795 397 1862 versabatur,
419 1794 517 1868 hisque
529 1795 656 1852 omuibus
670 1795 788 1850 maximo
802 1801 857 1850 erat

48 1889 125 1930 usur.

104 1947 153 2002 111.
173 1944 302 2002 Dnieoorai
320 1963 336 2002 a
354 1961 416 2032 rege
429 1945 630 2020 Tissaphernae,
652 1963 739 2017 neque
757 1944 786 2000 id
802 1952 857 2000 tam

48 2021 206 2087 Artaxerxi,
225 2038 307 2094 quam
321 2028 426 2086 aeterra,
443 2028 498 2076 orat
510 2028 641 2092 apertum.
679 2019 771 2076 Multis
784 2020 857 2076 enim

48 2097 213 2172 magnisque
221 2096 322 2152 meritis
331 2095 404 2170 apud
413 2112 516 2170 regem,
534 2096 613 2150 etiam
626 2112 713 2167 quum
728 2095 757 2150 in
770 2093 857 2150 officio

49 2190 106 2228 non
116 2178 242 2238 maneret,
254 2170 367 2228 valebat.
386 2214 389 2223 2
406 2171 499 2242 Neque
508 2169 537 2226 id
545 2169 708 2235 mirandum,
720 2169 743 2224 ei
754 2185 808 2224 non
817 2167 857 2224 ia-

49 2247 101 2304 oile
116 2247 151 2304 ad
163 2246 323 2304 eredendum
338 2245 531 2312 adduoebatun
552 2245 736 2311 reminiscens,
757 2244 815 2300 eius
828 2261 858 2300 se

50 2340 132 2396 opere
147 2322 249 2396 Cyrum
261 2321 368 2378 fratrem
380 2337 529 2394 superasse.
568 2324 595 2378 2.
615 2320 702 2376 liuius
716 2319 857 2377 anoueandi

50 2398 137 2474 gratia
152 2397 243 2454 Conon
257 2415 272 2454 a
286 2397 457 2454 Pharnabazo
470 2395 505 2451 ad
518 2413 607 2470 regem
621 2395 734 2462 missus,
755 2405 858 2469 postea·

50 2491 136 2547 quam
155 2472 241 2540 venit,
261 2473 381 2546 primunr
398 2490 432 2528 ex
451 2472 681 2528 more.Perearnm
700 2471 734 2528 ad
751 2471 858 2528 chiliar-

51 2549 144 2614 chum,
157 2547 363 2620 qui-aeoundum
372 2547 487 2622 gradum
497 2547 601 2620 imperii
612 2547 723 2612 tenebat,
735 2548 858 2614 Tithrau-

52 2633 111 2680 eten
126 2623 247 2689 aoeessit,
267 2640 350 2696 aeque
361 2621 475 2680 ostendit
487 2639 550 2680 oum
564 2641 626 2697 rege
644 2621 759 2692 oolloqui
779 2619 855 2676 veile.

53 2697 510 2756 Nomomimrinehooadmittiiur.
548 2701 576 2755 3.
613 2698 682 2754 Huio
695 2695 855 2763 ille‚Nallo‚
