2058 3234
177 193 210 244 60
279 186 361 246 XIV.
380 177 677 252 uttauesssctr,
698 183 764 244 VII.
783 183 870 245 VIII.

175 297 270 352 mitati.
300 296 647 354 Primumeosadoriuntur.
680 295 722 351 liii
732 313 827 368 quum,
839 294 914 368 quid
926 311 985 369 age-

175 382 260 439 retur,
272 380 318 428 aut
327 389 408 446 quare
419 374 503 438 fieret,
516 373 678 446 ignorarent,
690 371 770 426 coacti
778 380 855 437 sunt,
869 388 939 426 oum
950 372 984 424 eis

176 465 308 522 pugnare,
320 448 354 503 ad
363 465 431 523 quos
440 448 608 513 transierant,
621 447 655 502 ab
665 447 761 518 hisque
770 455 846 513 stare,
860 464 935 518 quos
946 463 985 500 re-
1010 465 1011 468 ¹

176 524 317 596 liquerant.
356 523 459 591 Quibus
478 541 564 595 quum
582 523 669 578 neutri
687 529 833 594 parcerent,
864 521 985 576 celeriter

176 606 239 653 sunt
252 597 359 653 concisi.
399 601 425 654 t.
445 598 570 670 Reliquos
585 597 686 652 Pisidas
701 597 847 652 resistentes
858 597 984 650 Datames

176 673 291 728 invadit:
322 672 408 744 primo
426 672 526 744 impetu
545 671 631 744 petiit,
653 671 781 745 sugentes
799 672 981 743 persequitur,

176 747 274 802 muitos
284 748 414 813 interficit,
425 756 508 802 castra
519 747 635 802 hostium
645 748 723 818 capit.
754 751 780 802 8.
800 746 858 800 Teii
869 745 983 800 oonsilio
1010 767 1011 852 p

176 841 231 878 uno
241 831 355 893 tempore
364 829 388 876 et
397 822 540 894 prodimres
549 821 708 894 perculit,et
716 821 803 876 hostes
812 820 980 894 profligavit3
1010 853 1011 896 q

176 905 214 962 at,
231 897 303 968 quod
317 897 351 951 ad
361 897 503 967 perniciem
513 895 597 952 iuerat
604 897 759 1025 cogitatum,
775 896 804 950 id
817 895 852 951 ad
866 895 981 950 salutem
1010 901 1011 928 ³

176 971 312 1028 convertit.
342 971 400 1037 Quo
409 988 495 1044 neque
504 973 634 1028 acutiusu
647 971 698 1026 tius
708 971 872 1043 imperatoris
882 971 982 1045 cogita·
1010 999 1011 1014 ,

176 1053 243 1111 tum,
256 1062 342 1118 neque
351 1045 460 1101 celerius
474 1046 571 1102 iactum
580 1064 696 1120 usquam
707 1046 830 1121 legimus.
1010 1099 1011 1128 r

232 1121 289 1178 VII.
310 1120 351 1175 Ab
361 1121 411 1176 hoo
424 1129 510 1178 tamen
523 1123 582 1179 viro
590 1122 719 1188 Soismas,
734 1123 852 1177 maximo
869 1127 936 1176 natu
949 1121 979 1175 fi-
1010 1135 1011 1198 ᾗ

128 1217 129 1221 ’
177 1195 387 1262 iius,desciit,ad
396 1215 538 1272 regemque
546 1197 657 1264 transiit,
670 1205 695 1252 et
703 1197 736 1252 de
745 1196 888 1252 deiectione
897 1197 978 1268 patris
1010 1251 1011 1258 ,

147 1271 150 1278 ’
177 1270 279 1326 detulit.
317 1271 375 1338 Quo
384 1273 478 1328 nuntio
486 1273 643 1330 Artaxerxes
652 1280 806 1338 commotus,
818 1272 894 1344 quod
903 1271 980 1326 intel·

177 1345 275 1420 ligabat
291 1347 350 1420 sibi,
362 1363 424 1402 curn
438 1349 496 1404 viro
510 1347 568 1403 forti
582 1365 613 1403 ac
630 1356 736 1403 strenuo
755 1349 891 1422 negotium
909 1363 975 1411 esse,
1010 1351 1011 1400 ἱ

177 1422 239 1494 qui,
251 1435 337 1495 quum
347 1423 496 1497 cogitasset,
508 1422 591 1479 facere
601 1423 719 1489 auderet,
735 1429 760 1478 et
768 1423 844 1494 prius
853 1423 975 1498 cogitare,

177 1515 258 1570 quam
269 1497 371 1564 conari,
388 1505 549 1566 consuesset,
566 1498 788 1571 Autophrodatem
803 1497 978 1570 inCappado-

177 1573 245 1628 ciam
255 1573 342 1628 mittit.
382 1573 630 1630 antonomum
643 1581 742 1646 posset,
758 1572 868 1638 saltum,
886 1573 976 1644 inquo
1010 1583 1011 1628 ἶ

177 1647 283 1704 Ciliciae
292 1655 379 1720 portae
388 1655 451 1704 sunt
460 1649 659 1715 stuauatames
670 1665 856 1721 praeoccupare
865 1646 974 1702 studuit.
1010 1643 1011 1734 ᾗ

177 1725 204 1778 3.
225 1723 338 1778 Sedtarn
348 1723 436 1779 subito
445 1724 533 1796 copias
542 1725 692 1780 contrahere
702 1741 754 1780 uon
764 1723 857 1796 potuit.
890 1722 976 1794 Aqua
1010 1753 1011 1776 r

177 1813 206 1852 re
219 1797 359 1868 depulsus,
375 1815 438 1854 oum
452 1815 481 1854 ea
495 1817 590 1866 manu,
607 1817 689 1872 quam
700 1805 873 1864 contraxerat,
889 1797 974 1852 Iocum

177 1871 273 1946 delegit
282 1871 370 1937 talem,
381 1880 412 1927 ut
421 1889 507 1946 neque
516 1875 697 1930 circumiretur
706 1875 740 1930 ab
750 1874 879 1939 hostibus,
891 1889 974 1945 neque

176 1947 325 2020 praeteriret
334 1946 513 2016 adversarius,
529 1951 596 2022 quin
606 1950 765 2022 ancipitibus
776 1949 838 2004 Iocis
848 1965 975 2020 premere-

176 2029 233 2090 tur,
250 2030 287 2090 et,
303 2023 327 2078 si
336 2023 461 2080 dimicare
470 2039 532 2080 cum
542 2025 673 2091 eoveilet,
690 2041 743 2080 non
757 2024 872 2080 muttum
885 2024 973 2079 obessa

167 2098 318 2154 'multitudo
327 2099 444 2156 hostium
454 2117 517 2156 suae
526 2096 649 2172 paucitati
659 2107 755 2172 posset.

232 2175 301 2230 vltt.
312 2175 381 2230 Haec
389 2175 437 2230 etsi
447 2174 654 2247 Autophrodates
664 2173 778 2240 videbat,
792 2181 877 2228 umen
886 2173 971 2228 statuit

176 2249 313 2322 congredi,
325 2250 407 2322 quam
416 2267 478 2306 cum
489 2251 567 2306 tantis
577 2250 659 2322 copiis
668 2248 798 2324 refugere,
811 2256 856 2304 aut
866 2255 915 2303 tam
926 2249 970 2302 diu
1010 2297 1011 2314 ,

176 2340 232 2378 uno
242 2323 297 2378 ioco
306 2324 404 2380 sedere.
443 2329 470 2382 2.
490 2325 607 2380 Habebat
620 2325 791 2380 barbarorum
805 2324 922 2395 equitum
932 2323 971 2377 vi-

165 2397 258 2470 ginti,
270 2391 388 2468 peditum
398 2406 503 2456 centum
513 2399 611 2466 millia,
623 2417 691 2472 quos
701 2399 740 2453 iili
751 2397 877 2454 Cardacas
887 2397 968 2470 appel-

177 2471 245 2538 lant,
266 2472 438 2546 eiusdemque
456 2475 560 2548 generis
579 2475 628 2531 tria
649 2473 826 2529 funditorum:
847 2483 968 2544 praeterea

177 2544 362 2618 Cappadocum
371 2556 441 2614 octo,
457 2549 643 2606 Armeniorum
658 2549 760 2614 decem,
777 2547 967 2622 Paphlagonum

177 2623 310 2696 quinque,
322 2623 460 2696 Phrygum
469 2623 572 2690 decem,
585 2625 720 2699 Lydorum
730 2623 862 2696 quiaque,
874 2623 968 2695 Aspen·

178 2695 282 2754 diorum
291 2705 317 2753 at
328 2698 476 2756 Pisidarum
486 2699 586 2756 circiter
598 2701 660 2766 tria,
676 2698 790 2756 Cilicum
798 2697 860 2766 duo,
869 2697 969 2772 Captia-
