2058 3234
201 209 265 267 Vll.
286 207 534 268 ALCIBIADES.
556 209 640 268 CAP.
660 213 693 271 V.
816 217 849 273 29

39 339 72 378 re
85 337 174 395 quum
183 318 207 376 ei
218 319 329 376 nuntius
339 338 354 376 a
363 313 519 395 magistratu
529 320 557 378 in
567 319 685 378 Siciliam
698 322 799 378 missus
808 342 849 380 cs-

40 405 91 461 set,
105 405 136 452 ut
145 396 257 452 domum
266 396 299 452 ad
309 413 416 452 musam
426 395 564 452 dicendam
575 396 679 462 rediret
690 401 828 470 essetque'
821 417 848 455 m

41 490 142 548 magna
153 489 203 557 spe
210 472 360 544 provinciae
369 472 436 528 bene
445 471 681 536 administrandue;
696 491 748 528 non
759 490 850 544 parere

41 548 144 614 noluit,
160 554 185 601 et
196 547 224 602 in
234 547 379 612 triremem,
395 565 464 620 quae
477 547 581 602 adeum
593 547 784 618 deportandum
796 555 849 604 erat

41 624 137 687 misse,
148 621 275 676 ascendit.
315 623 341 677 l.
361 623 415 678 ttae
424 622 558 678 Thurios
550 641 578 678 ιιι
589 621 689 678 ltaliam
700 631 846 694 pervectus,

41 698 129 753 multa
143 695 234 752 secum
247 707 372 768 reputans
385 696 419 752 de
432 697 600 752 immoderate
618 698 719 752 civium
738 715 849 756 suorum

41 773 150 829 licentia
161 771 365 844 crudelitateque
374 789 435 846 erga
446 771 560 838 nobiles,
576 772 750 830 utilissimum
766 784 846 840 ratus,

41 847 241 920 impendentem
252 846 349 902 evitare
358 855 544 919 tempestatem,
554 846 620 902 clem
631 866 660 904 se
669 867 683 904 a
693 849 849 905 custodibus

40 921 185 986 subduxit,
197 929 222 976 et
232 921 292 977 iude
300 921 418 993 primum
429 923 540 989 Elidem,
553 923 755 979 deindeTlrebas
765 926 846 980 venit.

39 1003 66 1055 5.
90 999 236 1069 Postquam
250 997 475 1068 autemsecapitis
490 997 657 1064 damnatum,
672 999 749 1054 bonis
759 1000 849 1071 publi-

39 1073 124 1137 catis,
136 1071 252 1137 audivit,
263 1079 300 1137 et,
313 1071 341 1126 id
350 1073 423 1144 quod
432 1091 484 1128 usu
494 1081 613 1138 venerat,
624 1074 796 1146 Eumolpidas
806 1093 849 1130 sa-

39 1147 186 1204 cerdotesn
199 1146 296 1219 populo
305 1155 414 1213 mactes,
425 1156 456 1204 ut
464 1166 493 1203 se
502 1147 668 1214 devoverent,
680 1150 791 1222 eiusque
800 1150 847 1206 de-

40 1222 174 1287 actionis,
193 1239 248 1294 quc
264 1223 377 1278 testatior
389 1231 457 1279 esset
470 1223 609 1289 memoria,
630 1224 796 1296 exemplum,
818 1225 846 1282 iu

39 1299 98 1372 pila
110 1264 229 1369 lapidea'
222 1297 345 1365 incisum,
357 1316 415 1354 asse
424 1299 538 1387 positum
550 1300 578 1354 in
588 1298 708 1370 publico,
720 1299 848 1355 Lacedae-

41 1391 153 1428 monem
163 1372 232 1428 dem
266 1373 329 1428 avit.
369 1377 395 1428 6
416 1373 465 1439 lbi,
477 1375 523 1430 ut
516 1391 572 1445 ipse
582 1373 729 1444 praedicare
738 1392 848 1430 consue-

44 1455 133 1514 verat,
151 1390 340 1503 nonddlersus
350 1448 474 1520 patriam,
487 1449 551 1503 sed'
545 1448 847 1504 mimicossucsbcllum

43 1523 140 1609 gessit,
157 1522 230 1595 qucd
240 1522 320 1578 udem
330 1523 417 1578 hostes
430 1531 516 1578 essent
530 1522 639 1578 civitati
678 1509 753 1578 Nam
760 1541 846 1596 quum

42 1597 235 1684 intelligerent,
251 1615 280 1652 se
294 1597 442 1684 plurimum
451 1598 574 1671 prodesse
587 1615 664 1670 posse
678 1597 845 1669 reipublicae,

43 1692 78 1729 ex
92 1690 123 1728 ea
138 1672 257 1738 eiecisse
273 1671 411 1745 plusque
403 1691 457 1728 rrae
470 1691 546 1740 suae
561 1691 643 1746 quam
657 1673 761 1729 utilitati
776 1691 848 1728 com-
938 1733 943 1738 ,

43 1748 139 1835 muni,
150 1747 279 1819 parumse.
318 1749 345 1802 7
366 1749 456 1820 ltaque
465 1749 548 1803 huius
556 1748 666 1804 consilto
676 1749 848 1805 Lacedaemo-

44 1823 85 1880 nii
104 1839 169 1877 cum
187 1823 325 1877 Persarum
345 1840 406 1896 rege
428 1823 570 1878 amicitiam
594 1823 722 1891 lecet-unm
753 1823 848 1880 deinde

43 1897 181 1955 Deceleam
194 1897 222 1952 in
232 1896 315 1952 Attica
324 1898 491 1964 munierunt,
506 1898 690 1970 praesidioque
704 1899 742 1954 ibi
755 1917 848 1971 perpe-

44 1983 92 2030 tuo
106 1973 192 2046 posito
205 1972 234 2028 in
246 1971 383 2028 obsidione
397 1971 512 2028 Athenas
529 1981 680 2030 tenuerunt.
719 1973 847 2031 Eiusdem

44 2065 125 2122 opera
135 2047 386 2104 loniamnsccietate
395 2055 544 2104 averterunt
552 2047 764 2104 Atheniensium.
789 2048 847 2116 Quo

44 2124 114 2180 lacto
124 2122 208 2178 multo
217 2123 363 2195 superiores
372 2122 442 2178 bello
450 2140 508 2178 esse
516 2131 666 2194 coeperunt.

101 2197 136 2255 V
156 2199 249 2270 Neque
260 2215 323 2253 vero
334 2198 378 2252 his
393 2197 473 2253 rebus
486 2205 541 2252 tam
553 2198 632 2252 amici
642 2195 771 2253 Alcibiadi
785 2206 848 2254 sunt

45 2273 116 2338 lacti,
129 2289 211 2344 quem
223 2272 522 2330 trmcreabecalrenatr
554 2275 622 2329 Nam
632 2291 718 2346 quum
728 2291 847 2330 aoermmr
880 2277 894 2292 ‘

46 2349 98 2404 virt
92 2349 283 2434 praestantem
292 2348 482 2420 prudentiam
473 2367 502 2405 ιιι
516 2348 642 2404 omnibus
657 2349 736 2404 rebus
751 2367 849 2424 cogno·

23 2489 25 2496 Α
46 2431 160 2490 suerent,
180 2423 384 2494 pertimuerunt
404 2441 438 2480 ne
456 2425 561 2480 caritate
575 2424 673 2512 patriae
690 2424 785 2480 ductus
799 2425 849 2481 ali-

46 2499 155 2573 quando
164 2498 215 2554 nb'
208 2497 273 2571 ipsis
281 2497 433 2555 descisceret
442 2506 467 2554 et
475 2517 537 2556 cum
547 2501 604 2556 suis
619 2500 768 2587 ingratiam
780 2501 848 2556 redi-

46 2581 94 2630 ret.
134 2576 225 2648 ltaque
233 2581 338 2647 tempus
347 2592 405 2630 erus
414 2575 585 2632 interficiendi
594 2594 719 2649 quaerere
729 2576 848 2630 institue-

46 2657 119 2706 runt.
159 2653 185 2707 2.
206 2649 237 2704 ld
248 2649 379 2706 Alcibiadi
398 2651 498 2707 diutius
516 2651 593 2710 celari
608 2669 661 2707 non
675 2651 772 2724 potuit:
794 2657 848 2706 erut

47 2726 119 2784 euim
132 2741 163 2782 ea
178 2726 330 2804 sagacitate,
351 2733 381 2786 ut
398 2726 483 2801 decipi
503 2743 555 2784 non
574 2734 674 2802 posset,
696 2725 847 2804 praesertim
