2054 3232
170 136 203 188 88
316 126 429 189 xvltt.
449 127 645 187 EUMENES.
666 125 748 184 CAP.
768 125 824 184 x1.

169 239 256 312 perior
267 237 365 313 proelio
377 239 547 306 discessisset,
561 237 694 312 Antigono
705 245 745 293 est
755 237 873 303 deditus,
888 253 966 310 quum

169 317 298 370 exereitus
311 315 335 370 ei
353 324 390 370 ter
402 324 462 370 ante
478 315 604 387 separatis
620 313 782 385 temporibus
796 313 928 378 iurasset,
945 329 967 368 se

169 407 231 446 eum
244 389 424 456 defensurum,
440 407 488 444 nee
498 406 629 462 umquam
641 389 821 443 deserturum:
842 387 893 442 sed
906 396 968 442 muta

169 463 220 520 luit
232 465 422 520 nonnullorum
435 465 539 520 virtutis
551 464 711 530 obtrectatio,
723 471 753 519 ut
763 462 846 518 fidem
855 463 969 518 amittere

169 539 286 606 mallent,
302 557 384 612 quam
396 557 458 595 eum
472 558 524 595 non
536 539 654 612 perdere.
686 543 713 594 3.
733 538 821 610 Atque
833 537 911 593 hunc
922 538 971 592 Aa·

169 615 285 688 tigonus,
296 631 386 688 quum*
395 615 420 670 ei
432 615 524 670 luisset
538 614 734 680 infestissimus,
748 621 941 678 conservasset,
951 614 971 667 si

169 705 217 761 per
228 706 291 745 suos
303 699 371 745 esset
384 689 499 756 licitum,
518 690 592 762 quod
603 690 637 744 ab
650 689 725 744 nullo
736 706 765 744 se
776 687 841 760 plus
853 687 971 743 adinum

168 781 247 837 posse
263 763 425 837 intelligebat
442 765 470 820 in
486 763 530 820 hia
547 764 640 830 rebus,
664 779 732 837 quas
749 761 906 834 impendere
923 763 971 818 iam

169 838 310 909 adparebat
321 840 456 894 omnibus.
495 839 673 894 lmminebant
684 839 755 894 enim
767 837 908 903 Selcuorrs,
923 839 973 910 Ly-

169 912 319 977 simachus,
334 911 505 980 Ptolemaeus,
518 914 617 987 opibus
629 914 683 968 iam
695 913 820 978 valentes,
836 929 903 968 cum
915 911 972 984 qui·
995 920 996 960 l

168 985 222 1042 bus
233 986 258 1040 ei
271 985 304 1040 de
315 991 430 1042 summis
442 988 522 1044 rebius
533 996 589 1044 erat
600 987 792 1044 dimicandum.
814 990 841 1042 i.
856 987 910 1042 Sed
922 1005 972 1042 non
996 978 998 1060 l,

168 1060 240 1133 possi
253 1068 317 1116 aunt
328 1061 367 1128 hi,
379 1063 427 1134 qui
439 1064 507 1118 circa
520 1071 608 1120 erant:
622 1062 695 1136 quod
707 1062 842 1128 videbant,
854 1062 972 1118 Eumene
998 1098 999 1110 ,

169 1143 280 1207 recepto,
292 1136 718 1210 omnespraeilloparviluturos.
750 1138 911 1209 Ipseaumm
921 1136 972 1192 Au·

154 1210 277 1284 'tigonus
289 1211 353 1267 adeo
364 1221 420 1268 erat
431 1213 569 1280 incensus,
587 1220 632 1280 nt,
651 1211 704 1268 nisi
716 1229 814 1286 magne
825 1229 875 1284 spe
887 1212 973 1267 maxi-
1001 1274 1002 1278 η

169 1301 275 1342 mamm
288 1303 387 1352 rerum,
403 1286 479 1342 leniri
491 1305 545 1344 non
556 1294 654 1360 posset.
1002 1334 1003 1344 ,

224 1361 273 1416 ΧΙ.
294 1363 385 1434 ltaque
439 1379 486 1418 um
503 1379 567 1418 eum
584 1363 613 1418 in
630 1360 778 1418 custodiam
795 1360 926 1428 detineret,
950 1368 975 1416 et

168 1435 314 1508 praelectus
323 1453 371 1492 cus
416 1455 463 1492 um
472 1437 626 1510 quaesisset,
637 1435 864 1509 quemadmodum
874 1435 974 1492 servari

168 1511 266 1567 vellat
281 1521 311 1566 nt
322 1518 487 1577 convictum,
499 1513 595 1585 inquit,
609 1515 713 1577 tecnon,
725 1520 774 1567 cut
784 1515 974 1580 [orcobatmam

169 1589 338 1655 elephantum.
359 1587 483 1642 Nondum
496 1589 568 1642 enirn
581 1593 712 1652 statuerat,
724 1593 891 1642 conservaret
899 1601 971 1650 eum,

169 1675 218 1715 nec
235 1678 277 1716 no.
316 1665 344 1718 2.
368 1662 493 1720 Veniebat
510 1671 597 1718 autern
613 1662 649 1718 ad
663 1663 812 1718 Eumenem
827 1669 975 1733 utrumque

168 1750 255 1808 genam
267 1735 421 1794 hominum:
442 1745 467 1792 et
476 1739 524 1810 qui
538 1743 643 1810 propter
654 1736 747 1798 odium
759 1735 876 1792 smmum
888 1735 974 1790 oculis

169 1823 203 1863 ex
212 1808 271 1862 eius
281 1825 344 1864 casu
354 1827 444 1881 capere
454 1811 559 1878 vellent,
572 1820 597 1867 et
606 1813 653 1886 qui
663 1819 768 1884 propter
777 1818 892 1866 veterem
906 1811 975 1866 ami-

169 1882 258 1938 citiam
267 1882 381 1956 colloqui
391 1885 573 1960 consolarique
581 1894 719 1959 cuperent3
734 1885 813 1942 multi
821 1885 912 1951 etiam,
924 1885 974 1957 qui

168 1959 226 2014 eius
239 1957 351 2014 immam
361 1975 517 2034 cognoscere
529 1962 682 2028 studebant,
697 1959 785 2034 quelle
797 1968 874 2025 esset,
889 1977 974 2032 quem

168 2033 271 2090 tamdiu
284 2041 391 2109 tamque
404 2035 479 2092 ealda
491 2037 650 2104 timuissent,
666 2037 744 2092 cuius
756 2036 785 2090 in
797 2035 915 2107 pernicia
925 2051 975 2106 po-

169 2109 250 2166 sitam
257 2127 332 2183 spem
341 2111 496 2166 habuissent
504 2111 636 2169 victoriae.
657 2115 684 2167 3.
697 2110 973 2182 AtEumanes,quum

169 2183 270 2240 diutius
283 2187 312 2240 in
324 2186 439 2241 vinculis
452 2193 531 2252 asset,
552 2188 587 2242 ait
599 2185 778 2251 Onomarcho,
797 2202 878 2257 penes
890 2201 974 2256 quem

169 2275 276 2313 summa
292 2260 396 2331 imperii
413 2269 467 2316 arat
483 2261 629 2327 custodiae,
648 2277 677 2317 sa
693 2260 799 2326 mirari,
818 2275 901 2332 quare
918 2259 973 2314 iam

169 2333 274 2387 tertium
292 2333 363 2388 diem
380 2335 419 2389 sio
435 2341 575 2391 teneretur:
607 2353 660 2392 non
677 2335 749 2391 enim
766 2335 816 2389 hoc
831 2333 974 2390 convenire

169 2405 295 2479 Antigoni
307 2409 475 2480 prudentiae,
489 2417 519 2465 ut
531 2412 570 2466 sio
581 2410 731 2466 deuteretur
742 2409 824 2478 victo3
845 2407 912 2480 quin
926 2415 974 2463 aut

168 2480 290 2546 interfici,
304 2491 350 2536 aut
362 2484 475 2538 missum
488 2484 544 2538 fieri
557 2486 666 2541 iuberet.
700 2487 727 2540 i.
747 2485 795 2538 llio
806 2499 891 2556 quum
904 2481 975 2538 iero-

168 2555 227 2612 oius
236 2555 402 2612 Onomarcho
414 2556 487 2628 loqui
500 2559 640 2625 videretur,
657 2557 738 2630 qnid?
751 2568 787 2622 tu,
799 2558 895 2631 inquit,
909 2561 974 2612 oni-

169 2646 211 2684 mo
219 2635 244 2686 ar·
253 2635 304 2686 teto
313 2647 381 2695 coe,
393 2647 441 2687 our
449 2647 502 2688 non
511 2636 540 2686 in
546 2637 647 2700 proetto
660 2637 776 2690 mctdtrtt
784 2638 881 2703 pmice,
893 2649 975 2702 quom
