2058 3234
193 207 226 263 ΞΟ
329 202 378 260 IV.
399 200 628 260 PAUSANIAS.
648 200 731 259 CAP.
752 203 803 260 IV.
822 203 856 260 V.

194 319 313 385 apertum
328 312 442 378 crimen,
457 329 511 398 quo
524 312 602 386 argui
615 320 715 386 posset,
734 331 786 369 non
801 313 952 384 putabant,
974 313 1001 368 de

194 389 238 443 tali
253 397 360 460 tamque
374 387 484 444 claro
458 405 516 442 varo
529 389 725 475 suspicionibus
738 396 855 475 oportere
873 389 1013 454 iudicari

194 473 219 518 et
228 463 442 534 exspectandum
459 462 524 518 dum
534 481 562 518 se
572 465 811 536 apsaresaperrret

249 540 294 594 lV.
306 540 412 593 Interim
422 538 478 612 Arg
480 538 671 612 illusquidam,
683 537 906 604 adnleseentulus,
919 557 1013 612 quem

194 631 307 686 puerum
323 614 465 671 Pausanias
475 632 563 670 amore
573 631 683 670 venereo
693 613 832 678 dilexerat,
845 631 936 686 quum
949 616 1001 686 epi·

195 689 286 744 stolam
302 689 335 744 ab
350 706 379 744 eo
393 689 425 744 ed
436 689 595 744 Artabazum
610 689 762 761 aooepisset,
778 690 856 762 eique
870 689 900 743 in
911 690 1013 762 suspit

194 765 296 819 cionem
307 765 429 828 venisset,
438 764 541 837 aliquid
552 765 578 820 in
590 782 619 820 ea
628 765 661 819 de
671 782 698 819 se
708 781 765 821 essa
774 765 914 836 seriptum,
927 764 1000 837 quod
1012 783 1013 794 ¹

195 857 272 894 nemo
283 856 373 894 eorum
384 840 507 905 redisset,
523 840 571 912 qui
586 857 666 912 super
675 839 720 895 tali
730 857 808 894 causa
818 839 913 894 eodem
923 840 1000 894 missi

194 923 281 978 erant,
299 913 405 970 vincula
418 914 542 986 epistolae
556 915 666 981 laxavit,
682 915 812 989 signoque
829 914 948 970 detracto
961 933 1000 970 oo

194 989 300 1064 gnovit,
316 1008 338 1044 sa
333 989 510 1062 pertulisset
526 990 578 1045 sibi
588 1008 645 1046 esse
654 990 829 1062 pereundum
867 993 896 1047 Ξ.
918 991 999 1046 Erant

195 1065 222 1120 in
237 1063 327 1119 eadem
342 1065 463 1137 epistola,
485 1083 554 1139 quaa
567 1066 640 1122 adea
652 1065 829 1138 pertinebant,
846 1080 917 1136 quae
933 1067 997 1122 inter

195 1157 241 1214 re
225 1157 284 1194 “em
304 1141 514 1214 Pausaniamque
537 1148 722 1198 oonvenerant.
762 1142 813 1196 llas
833 1139 877 1195 ille
900 1141 996 1196 litteras

195 1215 300 1287 ephoris
311 1216 426 1272 tradidit
461 1221 487 1273 3.
508 1219 566 1274 Non
576 1224 615 1273 est
624 1216 811 1288 praetereunda
820 1216 940 1290 gramtas
952 1217 1013 1272 La

195 1291 423 1348 oedaemoniorum
436 1292 486 1348 hoo
500 1292 565 1348 looo.
603 1294 671 1347 Nam
686 1309 719 1346 ne
736 1291 816 1346 huius
831 1291 968 1364 quidem
960 1311 996 1346 rn-

195 1366 264 1422 dioio
283 1367 402 1456 impulsi
411 1375 487 1433 sunt,
508 1376 538 1423 ut
555 1367 712 1422 Pausaniam
732 1365 993 1437 comprehenderent,

195 1461 282 1516 neque
290 1443 366 1516 prius
376 1444 433 1498 vim
443 1411 620 1498 adhibendam
630 1449 798 1515 putaverunt,
810 1459 892 1512 quam
902 1459 932 1496 se
943 1443 994 1514 ipse
1012 1447 1013 1502 t

195 1519 345 1574 indicasset.
385 1522 411 1574 t
430 1521 522 1590 ltaque
535 1519 600 1573 huio
614 1518 708 1583 indici,
729 1516 795 1588 quid
811 1517 867 1571 lieri
888 1516 991 1582 vellent
1012 1555 1013 1558 ,

195 1601 391 1666 praeceperunt
430 1595 535 1648 Fanum
544 1594 659 1665 Neptuni
669 1600 708 1648 est
717 1592 839 1658 Taenari
855 1592 969 1663 quod
942 1610 994 1647 vro

196 1667 245 1725 lari
262 1668 308 1723 nei
306 1686 334 1722 as
351 1675 444 1739 putant
457 1668 559 1723 Graeoi.
597 1669 636 1723 Eo
654 1668 699 1723 ille
717 1667 798 1723 index
815 1666 948 1742 ooniugit3
969 1669 993 1722 in

196 1743 376 1801 araoonsedit
415 1741 856 1799 Hanoiuxtalocumleoeruntsub
866 1750 949 1809 terra,
965 1761 992 1798 er

196 1836 251 1892 qno
260 1826 347 1890 posset
356 1817 456 1883 audrrr
471 1818 874 1892 siquisquidloquereturoum
883 1817 1013 1892 Argilio.

196 1897 223 1950 ὅ.
243 1895 301 1950 lluo
314 1911 346 1950 ex
359 1894 465 1966 ephoris
478 1894 588 1968 quidam
602 1894 802 1950 deseenderunt.
841 1895 990 1958 Pausanias,

195 1977 226 2026 ut
241 1969 355 2036 audivit,
372 1969 504 2044 Argilium
519 1969 668 2044 oonlugisse
682 1969 708 2024 in
723 1987 809 2036 aram,
829 1970 992 2042 perturbatus

119 2075 124 2081 ·
196 2046 317 2102 eovenit.
356 2045 440 2113 Quem
451 2063 536 2119 quum
546 2045 694 2118 supplioem
703 2044 746 2100 dei
756 2045 856 2101 videret
864 2045 893 2100 in
903 2062 992 2101 erase-

196 2121 309 2187 dentem,
322 2122 433 2195 quaerit,
445 2139 538 2177 causae
548 2120 615 2194 quid
624 2120 659 2175 sit
668 2127 722 2175 tam
731 2120 867 2193 repentino
876 2120 990 2176 oonsilio
1012 2129 1013 2138 ¹

195 2197 325 2262 Hurorlle
342 2197 451 2269 quidex
462 2195 739 2268 litterrsoomperrsset
756 2195 847 2268 aperit
876 2199 902 2250 6.
920 2195 990 2252 Modo

196 2273 282 2346 magis
297 2272 439 2326 Pausanias
454 2272 621 2344 perturbatus
633 2289 707 2326 orare
720 2271 816 2343 eoepit,
834 2288 867 2326 ne
876 2271 991 2326 enuntia-

196 2353 248 2412 ret,
261 2363 359 2412 noosa,
372 2346 713 2417 meritumdeillooptime,
729 2345 857 2417 proderet.
897 2345 990 2414 Quodsi

196 2439 254 2476 eam
269 2422 374 2477 veniam
388 2422 439 2477 sibi
449 2421 580 2488 dedisset,
598 2423 729 2494 tantisque
743 2420 908 2494 implicatum
917 2422 990 2478 rebus

196 2496 368 2562 sublevasset,
381 2513 478 2571 magno
487 2514 544 2552 esse
552 2515 575 2553 er
586 2498 702 2584 praemio
712 2496 843 2552 futurum

251 2573 284 2629 V.
305 2572 352 2626 His
366 2572 445 2627 rebus
459 2573 550 2645 ephori
564 2573 675 2646 oognitis
689 2573 772 2628 satius
781 2579 953 2646 putaverunt,
966 2571 989 2624 in

196 2648 334 2704 urbeeum
344 2647 540 2720 comprehendi.
579 2647 732 2721 Quoquum
742 2645 955 2719 essentproieoti,
970 2651 991 2700 et

196 2724 340 2782 Pausanias
347 2721 464 2807 ,placate
473 2723 588 2810 Argilio,
604 2723 764 2805 utputabat,
776 2721 990 2786 Lacedaemonem
