2054 3232
198 215 247 268 tls
359 211 456 272 XXV.
476 213 654 272 ATTlCUS.
674 211 757 270 CAP.
777 211 828 270 [Χ.

196 320 377 378 eontulissent.
417 325 507 397 ltaque
524 323 669 396 appellatus
686 329 725 376 est
736 339 751 377 a
764 321 794 378 C.
808 320 914 388 Flavio,
930 319 1008 378 Bruti

196 395 330 464 familiari,
342 398 453 463 Atticam,
466 399 562 454 uteius
572 398 609 454 rei
618 398 741 471 princeps
750 395 906 452 essevellet.
934 399 964 452 l.
977 399 1009 452 rit

196 471 250 537 ille,
265 472 314 545 qui
332 473 418 528 cilicia
434 474 526 528 amieis
543 471 699 546 praestmde
716 472 775 528 sine
785 469 900 526 lectione
911 473 1008 527 existi-

196 555 287 614 maret,
300 563 458 620 semperque
469 565 483 603 a
494 547 591 604 talibus
604 563 633 604 ee
644 546 764 604 consiliis
775 545 951 612 movisset,
967 565 1007 602 ro-

196 621 315 693 spondit:
328 617 358 676 ‘si
371 621 439 695 quid
450 624 547 678 Brutos
556 622 591 678 do
601 622 661 678 suis
670 620 838 678 facultatibus
848 621 892 676 utl
901 621 1007 677 voluis-

196 703 244 761 set,
258 703 383 763 murum,
398 704 529 770 quantum
541 713 586 754 eee
597 703 760 770 poterentur3
787 711 816 750 se
833 710 926 768 nequo
943 713 1005 752 oum

196 787 333 844 quoquam
346 772 381 827 de
390 787 421 828 ea
434 789 462 828 re
473 772 663 828 collocutumm
677 787 763 844 noque
775 771 922 826 coimus.
965 772 1007 826 Sic

197 845 244 900 ille
254 847 434 902 consensionis
445 847 542 920 globus
554 847 637 902 huius
650 847 732 902 coms
744 845 913 900 dissensione
925 845 1007 901 disie-

197 928 255 974 ctus
267 928 315 975 est.
341 923 368 975 s.
389 922 481 992 Neque
493 920 577 976 multo
587 928 645 993 post
654 921 773 993 superior
782 936 840 974 esse
849 921 940 992 coepit
951 921 1006 976 sr-

197 993 299 1058 tonius,
318 995 353 1048 ita
372 1001 402 1048 ut
416 995 516 1050 Brutus
530 1003 555 1050 et
567 995 685 1061 Cassius,
703 993 914 1068 provinciarum,
935 1013 1004 1068 queo

197 1067 231 1122 iis
245 1068 316 1122 neeis
328 1085 407 1124 cause
425 1069 499 1125 datae
511 1077 585 1126 erant
596 1087 613 1126 a
624 1069 788 1133 consulibus,
803 1067 954 1141 despontis
966 1087 1005 1125 re-

196 1141 258 1208 bus,
274 1142 301 1197 in
314 1143 439 1198 exsilium
452 1144 687 1216 proficiscerentur.
726 1148 752 1200 c.
772 1143 887 1211 Atticas,
900 1145 951 1220 qui
961 1161 1005 1216 pe-

197 1217 304 1272 cuniam
317 1217 399 1273 simul
412 1235 474 1276 oum
486 1215 579 1276 coloris
590 1219 707 1276 conterre
719 1217 839 1274 noluerat
847 1217 955 1274 florenti
966 1219 1002 1273 illi

196 1292 273 1364 parti,
289 1293 388 1348 abiecto
400 1294 479 1349 Bruto
491 1294 618 1367 ltaliequo
627 1293 728 1350 cedenti
738 1293 810 1348 LLS.
821 1301 935 1348 munus
944 1294 1004 1348 mil-

197 1367 234 1422 lia
245 1369 351 1422 momen·
363 1368 446 1422 misit.
484 1369 578 1424 Eidem
588 1369 616 1426 iu
626 1367 708 1440 Epiro
717 1367 812 1424 absens
822 1375 942 1424 trecenta
951 1370 1003 1423 ius·

196 1443 232 1497 sil
243 1442 318 1499 deri:
341 1459 429 1516 neque
438 1459 470 1499 eo
481 1445 568 1520 magis
580 1443 678 1517 potenti
691 1441 813 1500 adulatus
825 1451 867 1498 est
876 1444 1001 1507 domnio,

197 1533 286 1590 nequo
295 1517 444 1590 desperatas
456 1517 573 1592 reliquit.

252 1593 301 1648 lX.
321 1592 446 1649 &mmm
468 1602 507 1650 est
528 1593 629 1650 bellum
645 1600 751 1670 gestum
767 1591 841 1666 epod
857 1594 1001 1650 Mutinam.

196 1668 227 1722 In
240 1684 295 1740 quc
307 1667 331 1724 si
343 1675 446 1724 tantum
458 1685 521 1724 eum
530 1668 687 1742 prudentem
695 1669 792 1734 dicam,
805 1668 908 1734 minias,
920 1686 1001 1741 quam

197 1743 321 1808 debeam,
340 1744 502 1815 praedicem,
521 1761 608 1817 quum
626 1743 670 1798 ille
682 1744 770 1816 potius
782 1741 896 1798 divinus
908 1742 1000 1798 luerit:

197 1817 221 1870 si
234 1815 361 1872 divinatio
377 1817 533 1890 appellanda
550 1826 589 1874 est
605 1825 730 1892 perpetua
743 1817 872 1874 neamalis
884 1818 999 1881 moins,

198 1907 268 1964 quae
290 1891 372 1946 nullis
393 1893 499 1948 casibus
521 1911 608 1967 neque
628 1894 724 1968 agitur,
749 1907 836 1965 neque
856 1893 999 1947 minuitur.

197 1969 224 2022 2.
244 1965 332 2021 Hostis
348 1966 479 2023 Antonius
497 1968 629 2024 iudicatus
646 1967 719 2022 ltalia
735 1975 860 2035 Μὴ
885 1985 949 2039 spes
961 1983 1003 2020 re-

197 2041 323 2098 stituendi
339 2041 414 2098 dulla
425 2051 489 2098 erat.
528 2041 587 2099 Nou
604 2042 692 2098 solum
709 2039 800 2118 [eius]
819 2042 931 2107 inimici,
950 2043 1000 2113 qui

197 2125 255 2172 tum
272 2125 346 2173 erant
362 2119 536 2191 potentissimi
552 2126 579 2173 et
594 2117 714 2190 plurimi,
729 2117 776 2172 sed
788 2117 876 2182 otiam,
892 2117 941 2190 qui
954 2116 1001 2171 ad-

198 2193 321 2248 vorsariis
337 2194 396 2248 eius
412 2209 441 2249 se
453 2193 560 2259 (labarit,
578 2200 604 2248 ot
616 2193 644 2248 in
656 2209 687 2248 eo
700 2191 828 2248 laedendo
839 2207 869 2246 so
880 2191 1000 2264 aliquam

197 2275 382 2323 consecuturos
398 2269 539 2341 sperabant
555 2267 820 2332 commendationem,
840 2266 948 2322 domnii
962 2265 1000 2320 la-

198 2341 315 2396 miliares
341 2343 562 2415 insequebantur3
594 2359 705 2400 uxorein
726 2341 851 2398 Fulvium
873 2341 999 2397 oaunssous

198 2415 279 2470 rebus
295 2416 408 2487 spoliare
429 2419 583 2490 cupiebant;
610 2418 706 2474 liberos
729 2418 808 2473 etium
830 2417 999 2489 exstinguere

197 2489 335 2563 parabunt.
375 2495 401 2546 3.
422 2491 532 2560 Atticus,
551 2511 637 2566 quum
650 2493 782 2549 Ciceronis
796 2491 889 2546 intima
902 2490 998 2545 lumili-

198 2565 290 2621 eritete
310 2572 434 2631 uteretur,
459 2567 637 2622 amicissimus
654 2573 722 2622 osset
737 2568 829 2632 Bruto,
849 2581 905 2621 uon
921 2565 998 2620 modo

198 2639 268 2694 nihil
287 2639 321 2693 iis
338 2637 451 2693 indulsit
466 2641 500 2695 ad
513 2641 659 2696 Antonium
671 2640 835 2706 violandum,
849 2639 897 2696 sod
909 2657 925 2694 e
936 2657 997 2695 ccu-

199 2713 279 2767 trario
295 2711 437 2768 familiares
455 2714 513 2768 eius
528 2731 563 2770 ex
579 2715 646 2770 urbe
661 2713 848 2790 profugientes,
866 2721 996 2788 quantum
1015 2771 1016 2780 ,
