2054 3232
164 181 263 249 XXV.
283 181 461 238 ATTICUS.
482 181 565 237 CAP.
586 181 666 240 XlV.
687 181 752 242 XV.
812 189 859 246 tua

61 305 142 364 cepres
155 291 300 358 Romanus,
314 299 339 346 et
348 309 400 346 oon
410 307 506 364 parma
515 289 657 346 liberaliter
663 290 774 348 domum
783 311 859 350 auam

61 368 183 420 munium
195 366 320 422 ordinum
333 367 454 421 homines
468 365 598 430 invitarat
612 365 722 431 scimus,
736 381 789 422 non
803 385 860 424 am

60 440 133 511 plius
155 457 237 513 quam
260 449 333 496 terna
354 440 439 496 millia
460 440 528 495 naria
547 457 677 512 peraeque
693 441 721 495 iu
739 442 860 515 cingulos

59 524 165 570 meuses
183 514 230 590 [ex
247 513 425 590 ephemerida]
443 530 506 570 atim
522 530 668 586 expensum
686 516 857 572 sumtiliter-

58 605 87 644 ro
99 589 219 645 solitum.
258 593 284 646 7.
305 591 392 664 Atque
403 591 454 646 boc
462 607 515 646 uun
525 590 655 655 auditum,
667 589 714 644 sed
722 592 858 665 cognitum

57 664 253 736 praedicamus.
292 665 376 738 Saepo
389 665 462 721 onim
477 671 582 738 popter
598 663 800 722 familiaritatem
812 666 859 724 ab·

58 739 177 794 mesticis
189 741 269 796 rebus
282 740 460 796 interminans.

114 815 187 872 xlv.
208 816 292 870 Nemo
309 815 335 871 in
352 816 477 872 ocnvirio
491 815 552 870 eius
565 814 639 870 aliod
650 831 769 871 mma
781 816 858 872 audi-

57 891 107 954 vit,
128 903 210 962 quam
226 898 404 964 auagnortmr
429 890 502 963 quod
514 907 562 946 noa
574 891 683 963 quidem
696 891 857 947 iucundissi-

56 979 136 1018 mum
147 964 313 1019 arbitramur.
340 967 433 1038 Neque
441 979 571 1037 umquam
583 967 642 1021 riae
650 965 740 1038 aliqua
750 965 858 1023 lecticae

56 1038 132 1112 apud
148 1051 210 1093 earm
226 1047 363 1094 coenatum
379 1049 432 1106 est,
452 1049 484 1095 ut
494 1056 546 1096 non
560 1041 650 1095 minus
662 1042 760 1108 auimo,
775 1059 857 1115 quam

11 1185 12 1188 Ἴ
56 1119 159 1180 venue,
174 1114 300 1170 convivae
312 1113 509 1170 delectamini.
548 1118 574 1171 2.
594 1116 716 1187 Namque
727 1133 857 1173 marom·

55 1189 111 1254 bat,
137 1203 252 1260 quorum
274 1204 361 1244 morae
377 1203 392 1244 a
409 1189 466 1246 ruia
483 1205 535 1246 uon
548 1189 726 1244 abhorrerent.
766 1189 855 1257 Quum

56 1271 129 1318 tanta
141 1265 270 1334 pecuniae
280 1263 346 1320 iacta
358 1272 426 1319 assat
437 1265 559 1330 accersio,
578 1262 646 1318 nibil
658 1264 691 1318 de
703 1263 857 1336 pauidum

55 1338 132 1392 cultu
149 1339 271 1404 manavit,
291 1338 360 1393 nibil
376 1338 490 1396 davitae
502 1333 704 1394 cousuetudine:
731 1345 856 1411 mumque

55 1431 124 1468 usus
137 1421 177 1468 est
188 1412 373 1478 moderatione,
385 1421 415 1469 ut
424 1431 511 1486 nequo
520 1414 547 1468 ia
558 1413 673 1468 sestertio
683 1413 772 1479 vicies,
783 1413 856 1486 quod

56 1505 70 1542 a
88 1496 163 1560 patre
179 1487 318 1560 acceperat,
337 1503 434 1560 parum
449 1488 627 1560 conplendida
637 1487 756 1562 maurit,
770 1503 857 1560 nequa

56 1563 84 1617 in
98 1563 324 1618 aesculanorum
332 1561 481 1620 affluentius
491 1563 595 1628 vixerit,
607 1579 689 1635 quam
699 1563 854 1628 instituerat,

55 1637 284 1712 pariquefostlglc
296 1636 676 1710 cmuruinutraquefortuna.
715 1641 742 1693 3.
762 1637 856 1693 Nullos

55 1713 152 1767 babuit
173 1712 275 1776 hortos,
300 1713 403 1768 nullam
423 1713 605 1768 suburbanam
630 1719 675 1788 aut
695 1711 855 1768 maritimam

55 1794 222 1842 sumtuoeam
239 1787 341 1852 villam,
359 1802 446 1860 acqua
462 1788 490 1842 in
512 1787 598 1853 ltalia,
621 1794 722 1859 practer
738 1786 857 1862 Ardeati·

55 1879 124 1918 num
138 1869 163 1916 ot
175 1863 378 1928 Nomentanum,
393 1864 522 1918 rusticum
538 1863 690 1935 praedium:
715 1863 858 1936 omnisque

55 1938 116 1991 eiua
127 1937 256 2008 pecuniae
266 1937 366 1992 raditum
378 1939 511 1996 cuaatabat
524 1939 552 1993 in
564 1937 703 2010 Epiroticis
712 1945 737 1992 et
746 1937 857 1993 urbanis

54 2012 277 2084 possessionibus.
316 2013 358 2066 Ex
374 2027 429 2084 quo
444 2013 564 2086 cognosd
581 2019 677 2084 poesi,
697 2029 758 2066 cum
774 2029 854 2066 unum

55 2087 184 2159 pecuniam
196 2102 248 2142 nou
262 2087 453 2160 maguitudino,
466 2085 514 2141 scd
525 2087 625 2142 ratione
637 2085 724 2140 metiri
736 2085 854 2141 solitum.

111 2162 172 2216 XV.
193 2161 359 2216 Mendacium
375 2175 463 2234 nequo
477 2159 593 2226 dicebat,
612 2175 698 2234 neque
708 2160 763 2231 pati
783 2168 857 2232 pote-

55 2243 113 2291 rat?
145 2237 236 2308 ltaque
248 2237 306 2293 aius
319 2237 426 2293 comitas
439 2253 492 2292 uon
505 2235 563 2291 siue
575 2235 710 2293 actoritate
726 2242 789 2300 erat,
809 2253 856 2290 ne-

55 2328 110 2383 quc
121 2313 237 2384 gravitas
249 2311 308 2366 siue
323 2309 453 2376 facilitate,
468 2319 500 2367 ut
510 2310 618 2368 dilficilc
631 2317 698 2366 earet
710 2309 855 2372 intellectu,

55 2394 148 2441 utrum
173 2400 235 2440 oum
259 2386 338 2441 amici
362 2387 450 2460 magis
473 2394 637 2451 vererentur,
668 2403 702 2440 an
727 2393 854 2441 amarant.

56 2459 195 2532 Quidquid
211 2461 359 2533 rogabatur,
378 2461 499 2534 religiose
510 2461 690 2533 promittebat3
718 2461 790 2533 quod
802 2477 856 2515 non

56 2534 182 2600 liberalis,
201 2535 249 2590 sed
266 2535 333 2592 lavis
348 2536 531 2601 arbitrabatur,
551 2535 677 2608 polliceri,
696 2535 768 2607 quod
780 2550 856 2606 prae-

56 2620 124 2664 staro
136 2625 189 2680 nco
201 2618 303 2680 possut.v
336 2614 362 2665 t.
383 2608 456 2664 idam
469 2611 497 2664 in
510 2611 625 2676 nitendo,
637 2610 710 2683 quod
719 2609 800 2664 aemd
809 2608 856 2663 rd-

56 2684 166 2752 nuisset,
184 2691 255 2740 tanta
271 2692 326 2740 erat
341 2701 413 2748 cura,
428 2693 459 2742 ut
470 2701 523 2742 oon
545 2685 705 2752 mandarun,
720 2683 856 2740 sederam
