2058 3234
185 207 219 264 at
367 205 416 263 VI.
436 203 653 262 LYSANDER.
674 203 758 262 CAP.
779 205 800 262 1.
1010 277 1011 280 Ἰ

112 357 117 368 .,
185 331 277 386 opera,
293 312 361 370 nulli
377 332 418 370 nes
433 313 570 370 familiaris
579 313 673 385 defuit3
695 313 792 371 multos
802 313 987 387 locupletatum

186 388 332 461 complures
342 407 469 462 pauperes
479 389 925 462 mortuos‚qui‚undeeiierrentur‚
940 407 988 445 mn
1010 405 1011 452 t

185 463 362 543 reliquissent,
373 482 422 520 suo
431 473 522 520 sumtu
532 463 635 520 extulit.
674 467 700 520 t.
720 465 930 540 Siesegerendo
943 464 989 520 mi·
1010 491 1011 494 ¹

185 538 277 669 pgpppa
267 546 306 595 est
314 539 481 608 mirandum,
496 540 519 595 si
529 547 554 596 et
563 540 616 597 vita
625 539 683 596 eius
695 538 746 595 init
758 557 864 607 secura,
879 547 908 595 et
918 555 988 594 mors

552 857 619 912 vr.

406 929 811 1024 arsinoen.

528 1095 599 1154 Car.
618 1099 640 1154 1.
688 1168 691 1176 Ι

230 1200 422 1278 Ἰιηηυιιῃ
443 1213 715 1279 Laerunrrroruus,
735 1227 862 1287 magnam
879 1211 986 1284 reliquit

188 1289 231 1342 sui
248 1285 359 1354 famam,
389 1287 475 1362 magis
494 1286 627 1354 felicitate,
657 1303 739 1362 qnam
757 1287 855 1343 virtute
872 1297 984 1360 partam.

188 1361 359 1417 Athenienses
377 1362 449 1418 enirn
468 1363 497 1418 in
511 1362 711 1435 Peloponnesios
728 1369 802 1418 sexto
820 1370 845 1417 et
861 1362 986 1418 vioesimo

188 1455 257 1492 anno
266 1435 367 1492 bellum
375 1444 494 1512 gerentes
504 1436 645 1493 oonieoisse
653 1443 769 1510 apparet.
807 1440 834 1494 2.
854 1437 985 1510 Nee,qua

188 1513 287 1567 ratione
297 1520 452 1568 eonseoutus
461 1513 510 1579 sit,
524 1511 593 1568 latet.
633 1513 691 1568 Non
703 1512 775 1567 enim
783 1511 880 1568 virhrte
887 1514 933 1568 sui
943 1529 985 1566 ex·
1010 1539 1011 1556 κ

187 1582 296 1652 orcitus,
316 1585 364 1642 sed
381 1586 545 1642 immodestia
564 1586 662 1642 iactum
680 1586 905 1654 adversariorum,
928 1586 982 1660 qui,

188 1660 261 1732 quod
283 1660 352 1716 dieto
375 1661 509 1716 audientes
533 1661 734 1734 imperatoribus
755 1661 813 1717 suis
830 1678 882 1718 uon
903 1669 982 1725 erant,

188 1734 310 1808 dispalati
320 1735 349 1790 in
358 1735 438 1810 agris,
454 1735 549 1791 relictis
560 1737 683 1802 navibus,
696 1738 724 1792 in
734 1737 850 1792 hostium
860 1743 985 1792 venerunt
1010 1809 1011 1814 ἵ

188 1816 349 1882 potestatem.
388 1809 446 1876 Quo
465 1809 530 1866 iacto
544 1810 715 1867 Athenienses
734 1827 763 1867 se
776 1811 983 1867 Lacedaemoniis
1010 1861 1011 1874 2

146 1882 153 1898 ⁸
188 1883 355 1939 dediderunt.
393 1887 420 1940 3.
439 1885 493 1939 liae
512 1885 618 1942 victoria
633 1885 769 1960 Lysander
785 1885 881 1952 alatus,
902 1903 982 1959 mum

189 1965 263 2013 antea
275 1973 378 2030 semper
386 1956 509 2014 factiosus
518 1961 659 2033 audaxque
668 1959 773 2026 fuisset,
784 1962 824 2015 sio
837 1961 888 2016 sihr
898 1960 983 2016 indul·

189 2034 232 2099 sit,
244 2034 340 2088 uteius
348 2049 425 2105 opera
436 2033 464 2090 in
476 2035 624 2091 marimum
634 2035 726 2091 odium
735 2035 980 2091 GraeciaeLaeedae

189 2109 272 2163 monii
286 2108 462 2180 pervenerint.
502 2111 527 2164 t.
548 2111 615 2164 Nam
631 2127 717 2182 quum
732 2110 801 2165 hano
818 2127 924 2166 causam
936 2111 982 2166 La·
1010 2131 1011 2172 Τ

189 2182 349 2238 oedaemonii
363 2182 523 2239 dictitassent
536 2185 588 2240 sibi
598 2201 655 2240 esse
664 2185 735 2251 belli,
747 2192 778 2240 ut
787 2184 981 2241 Atheniensium
1010 2179 1011 2198 ¹

190 2256 357 2328 impotentem
367 2257 571 2314 dominationem
581 2257 759 2333 refringerent,
768 2267 906 2332 postquam
915 2258 980 2334 apud

190 2331 275 2404 Aegos
284 2330 383 2386 flumen
392 2333 528 2406 Lysander
537 2331 629 2388 elassis
638 2334 755 2390 hostium
768 2341 806 2390 est
819 2335 928 2407 potitus,
944 2335 980 2390 ni-

120 2411 123 2420 ‘
190 2404 229 2460 hil
240 2403 313 2460 aliud
321 2405 428 2462 molitus
437 2415 488 2474 est,
500 2425 582 2480 quam
593 2417 621 2463 ut
630 2425 721 2464 omnes
731 2409 847 2466 civitates
856 2413 884 2466 in
893 2427 939 2465 sua
948 2417 981 2465 te-

190 2487 263 2534 neret
280 2487 415 2551 potestate,
437 2499 522 2554 quum
541 2482 570 2537 id
586 2501 615 2538 se
628 2484 890 2540 Laoedaemoniorum
908 2501 978 2540 causa

190 2551 273 2610 facere
281 2554 426 2609 simularet.
464 2560 490 2611 ὅ.
512 2557 632 2630 Namque
641 2558 773 2630 undique,
789 2559 837 2630 qui
846 2559 979 2615 Athenien·

191 2629 262 2684 sium
272 2630 351 2684 rebus
361 2629 532 2696 studuissent,
540 2633 636 2697 eiectis,
648 2633 738 2689 deoem
746 2633 875 2707 delegerat
883 2635 911 2690 in
919 2652 978 2689 una·
1009 2631 1011 2660 ¹

191 2721 298 2777 quaque
312 2703 428 2772 civitate,
448 2705 549 2778 quihus
563 2723 700 2764 summum
720 2709 862 2781 imperium
878 2715 979 2783 potesta·
