<?xml version="1.0" encoding="UTF-8"?>
<!DOCTYPE html PUBLIC "-//W3C//DTD XHTML 1.0 Transitional//EN"
    "http://www.w3.org/TR/xhtml1/DTD/xhtml1-transitional.dtd">
<html xmlns="http://www.w3.org/1999/xhtml" xml:lang="en" lang="en">
 <head>
  <title>
</title>
<meta http-equiv="Content-Type" content="text/html;charset=utf-8" />
  <meta name='ocr-system' content='tesseract 3.04.00' />
  <meta name='ocr-capabilities' content='ocr_page ocr_carea ocr_par ocr_line ocrx_word'/>
</head>
<body>
  <div class='ocr_page' id='page_1' title='image "./corneliinepotis23nepogoog_0060.png"; bbox 0 0 2058 3234; ppageno 0'>
   <div class='ocr_carea' id='block_1_1' title="bbox 117 145 769 259">
    <p class='ocr_par' dir='ltr' id='par_1_1' title="bbox 117 145 769 259">
     <span class='ocr_line' id='line_1_1' title="bbox 117 145 769 259; baseline -0.002 0"><span class='ocrx_word' id='word_1_1' title='bbox 117 211 124 224; x_wconf 79' lang='grc'><strong>“</strong></span> <span class='ocrx_word' id='word_1_2' title='bbox 178 145 217 259; x_wconf 46' lang='grc' dir='ltr'>ἱ16</span> <span class='ocrx_word' id='word_1_3' title='bbox 397 201 434 257; x_wconf 83' lang='grc' dir='ltr'>Χ.</span> <span class='ocrx_word' id='word_1_4' title='bbox 454 199 560 258; x_wconf 87' lang='lat' dir='ltr'>DION.</span> <span class='ocrx_word' id='word_1_5' title='bbox 581 199 666 257; x_wconf 87' lang='lat' dir='ltr'>CAP.</span> <span class='ocrx_word' id='word_1_6' title='bbox 686 197 769 258; x_wconf 84' lang='lat' dir='ltr'>vm.</span> 
     </span>
    </p>
   </div>
   <div class='ocr_carea' id='block_1_2' title="bbox 184 308 1012 2396">
    <p class='ocr_par' dir='ltr' id='par_1_2' title="bbox 184 308 989 1202">
     <span class='ocr_line' id='line_1_2' title="bbox 184 308 980 378; baseline 0 -14"><span class='ocrx_word' id='word_1_7' title='bbox 184 308 231 364; x_wconf 89' lang='lat' dir='ltr'>Ille</span> <span class='ocrx_word' id='word_1_8' title='bbox 245 313 345 374; x_wconf 71' lang='lat' dir='ltr'>auum,</span> <span class='ocrx_word' id='word_1_9' title='bbox 366 309 514 365; x_wconf 85' lang='lat' dir='ltr'>adversario</span> <span class='ocrx_word' id='word_1_10' title='bbox 529 318 640 374; x_wconf 89' lang='lat' dir='ltr'>remoto,</span> <span class='ocrx_word' id='word_1_11' title='bbox 661 308 781 364; x_wconf 73' lang='lat' dir='ltr'>licentius</span> <span class='ocrx_word' id='word_1_12' title='bbox 794 323 891 369; x_wconf 86' lang='lat' dir='ltr'>eortun</span> <span class='ocrx_word' id='word_1_13' title='bbox 909 309 980 378; x_wconf 84' lang='lat' dir='ltr'>bona,</span> 
     </span>
     <span class='ocr_line' id='line_1_3' title="bbox 184 383 966 456; baseline 0.001 -19"><span class='ocrx_word' id='word_1_14' title='bbox 184 399 251 455; x_wconf 89' lang='lat' dir='ltr'>quos</span> <span class='ocrx_word' id='word_1_15' title='bbox 261 385 358 438; x_wconf 85' lang='lat' dir='ltr'>sciebat</span> <span class='ocrx_word' id='word_1_16' title='bbox 368 385 493 440; x_wconf 87' lang='lat' dir='ltr'>adversus</span> <span class='ocrx_word' id='word_1_17' title='bbox 503 403 532 439; x_wconf 88' lang='lat' dir='ltr'>se</span> <span class='ocrx_word' id='word_1_18' title='bbox 541 386 669 448; x_wconf 78' lang='lat' dir='ltr'>sensisse,</span> <span class='ocrx_word' id='word_1_19' title='bbox 684 385 816 438; x_wconf 77' lang='lat' dir='ltr'><strong>militibus</strong></span> <span class='ocrx_word' id='word_1_20' title='bbox 826 383 966 456; x_wconf 73' lang='lat' dir='ltr'>dispertivi</span> 
     </span>
     <span class='ocr_line' id='line_1_4' title="bbox 184 457 961 532; baseline 0 -18"><span class='ocrx_word' id='word_1_21' title='bbox 184 460 211 514; x_wconf 79' lang='lat'>2.</span> <span class='ocrx_word' id='word_1_22' title='bbox 236 457 339 524; x_wconf 90' lang='lat' dir='ltr'>Quibus</span> <span class='ocrx_word' id='word_1_23' title='bbox 359 459 467 524; x_wconf 87' lang='lat' dir='ltr'>divisis,</span> <span class='ocrx_word' id='word_1_24' title='bbox 493 477 578 532; x_wconf 89' lang='lat' dir='ltr'>quum</span> <span class='ocrx_word' id='word_1_25' title='bbox 598 459 744 531; x_wconf 90' lang='lat' dir='ltr'>quotidiani</span> <span class='ocrx_word' id='word_1_26' title='bbox 765 459 878 514; x_wconf 80' lang='lat' dir='ltr'>maximi</span> <span class='ocrx_word' id='word_1_27' title='bbox 900 461 961 514; x_wconf 90' lang='lat' dir='ltr'>liere</span> 
     </span>
     <span class='ocr_line' id='line_1_5' title="bbox 184 533 913 606; baseline 0.003 -21"><span class='ocrx_word' id='word_1_28' title='bbox 184 542 302 597; x_wconf 79' lang='lat' dir='ltr'><strong>sumtus,</strong></span> <span class='ocrx_word' id='word_1_29' title='bbox 323 533 438 588; x_wconf 75' lang='lat' dir='ltr'>celeriter</span> <span class='ocrx_word' id='word_1_30' title='bbox 452 537 563 606; x_wconf 88' lang='lat' dir='ltr'>pecunia</span> <span class='ocrx_word' id='word_1_31' title='bbox 583 534 673 588; x_wconf 81' lang='lat' dir='ltr'>deesse</span> <span class='ocrx_word' id='word_1_32' title='bbox 691 534 787 604; x_wconf 81' lang='lat' dir='ltr'>eoepit3</span> <span class='ocrx_word' id='word_1_33' title='bbox 810 546 913 604; x_wconf 89' lang='lat' dir='ltr'>neque,</span> 
     </span>
     <span class='ocr_line' id='line_1_6' title="bbox 184 608 988 682; baseline 0 -22"><span class='ocrx_word' id='word_1_34' title='bbox 184 623 281 661; x_wconf 90' lang='lat' dir='ltr'>manus</span> <span class='ocrx_word' id='word_1_35' title='bbox 291 609 441 682; x_wconf 76' lang='lat' dir='ltr'>porrigeret,</span> <span class='ocrx_word' id='word_1_36' title='bbox 453 609 615 680; x_wconf 77' lang='lat' dir='ltr'>suppetebat,</span> <span class='ocrx_word' id='word_1_37' title='bbox 628 609 678 662; x_wconf 89' lang='lat' dir='ltr'>nisi</span> <span class='ocrx_word' id='word_1_38' title='bbox 690 609 716 662; x_wconf 89' lang='lat' dir='ltr'>in</span> <span class='ocrx_word' id='word_1_39' title='bbox 727 608 874 661; x_wconf 89' lang='lat' dir='ltr'>amioorum</span> <span class='ocrx_word' id='word_1_40' title='bbox 887 616 988 678; x_wconf 75' lang='lat' dir='ltr'>possea-¹</span> 
     </span>
     <span class='ocr_line' id='line_1_7' title="bbox 184 681 989 753; baseline 0.001 -17"><span class='ocrx_word' id='word_1_41' title='bbox 184 681 281 736; x_wconf 86' lang='lat' dir='ltr'>siones.</span> <span class='ocrx_word' id='word_1_42' title='bbox 318 683 344 736; x_wconf 94' lang='lat' dir='ltr'>ld</span> <span class='ocrx_word' id='word_1_43' title='bbox 356 683 483 737; x_wconf 90' lang='lat' dir='ltr'>eiusmodi</span> <span class='ocrx_word' id='word_1_44' title='bbox 494 692 557 748; x_wconf 88' lang='lat' dir='ltr'>erat,</span> <span class='ocrx_word' id='word_1_45' title='bbox 570 692 608 748; x_wconf 92' lang='lat' dir='ltr'>ut,</span> <span class='ocrx_word' id='word_1_46' title='bbox 620 699 704 753; x_wconf 88' lang='lat' dir='ltr'>quum</span> <span class='ocrx_word' id='word_1_47' title='bbox 715 682 811 736; x_wconf 75' lang='lat' dir='ltr'>milites</span> <span class='ocrx_word' id='word_1_48' title='bbox 822 683 989 737; x_wconf 67' lang='lat' dir='ltr'>reoonntiasa</span> 
     </span>
     <span class='ocr_line' id='line_1_8' title="bbox 185 755 987 827; baseline 0 -16"><span class='ocrx_word' id='word_1_49' title='bbox 185 765 232 818; x_wconf 85' lang='lat' dir='ltr'>set,</span> <span class='ocrx_word' id='word_1_50' title='bbox 244 755 371 810; x_wconf 84' lang='lat' dir='ltr'>auritteret</span> <span class='ocrx_word' id='word_1_51' title='bbox 380 759 526 827; x_wconf 76' lang='lat' dir='ltr'>optimates.</span> <span class='ocrx_word' id='word_1_52' title='bbox 566 761 592 812; x_wconf 83' lang='grc'>3.</span> <span class='ocrx_word' id='word_1_53' title='bbox 613 757 731 822; x_wconf 84' lang='lat' dir='ltr'>Quarum</span> <span class='ocrx_word' id='word_1_54' title='bbox 743 773 831 810; x_wconf 89' lang='lat' dir='ltr'>rerum</span> <span class='ocrx_word' id='word_1_55' title='bbox 841 773 906 811; x_wconf 82' lang='lat' dir='ltr'>eura</span> <span class='ocrx_word' id='word_1_56' title='bbox 918 757 987 812; x_wconf 75' lang='lat' dir='ltr'>iran-</span> 
     </span>
     <span class='ocr_line' id='line_1_9' title="bbox 184 831 989 903; baseline 0.002 -20"><span class='ocrx_word' id='word_1_57' title='bbox 184 832 303 903; x_wconf 78' lang='lat' dir='ltr'>gebatur,</span> <span class='ocrx_word' id='word_1_58' title='bbox 315 840 339 885; x_wconf 86' lang='lat' dir='ltr'>et</span> <span class='ocrx_word' id='word_1_59' title='bbox 350 832 468 886; x_wconf 86' lang='lat' dir='ltr'>insuetus</span> <span class='ocrx_word' id='word_1_60' title='bbox 480 831 547 886; x_wconf 84' lang='lat' dir='ltr'>male</span> <span class='ocrx_word' id='word_1_61' title='bbox 556 831 681 886; x_wconf 87' lang='lat' dir='ltr'>audiendi</span> <span class='ocrx_word' id='word_1_62' title='bbox 692 848 743 886; x_wconf 91' lang='lat' dir='ltr'>non</span> <span class='ocrx_word' id='word_1_63' title='bbox 754 847 840 901; x_wconf 88' lang='lat' dir='ltr'>aequo</span> <span class='ocrx_word' id='word_1_64' title='bbox 849 832 944 886; x_wconf 76' lang='lat' dir='ltr'>animo</span> <span class='ocrx_word' id='word_1_65' title='bbox 953 831 989 885; x_wconf 74' lang='lat' dir='ltr'>le-</span> 
     </span>
     <span class='ocr_line' id='line_1_10' title="bbox 184 905 988 980; baseline 0.006 -23"><span class='ocrx_word' id='word_1_66' title='bbox 184 905 270 967; x_wconf 89' lang='lat' dir='ltr'>rebat,</span> <span class='ocrx_word' id='word_1_67' title='bbox 282 905 315 958; x_wconf 91' lang='lat' dir='ltr'>de</span> <span class='ocrx_word' id='word_1_68' title='bbox 324 922 353 959; x_wconf 91' lang='lat' dir='ltr'>se</span> <span class='ocrx_word' id='word_1_69' title='bbox 362 907 395 959; x_wconf 93' lang='lat' dir='ltr'>ab</span> <span class='ocrx_word' id='word_1_70' title='bbox 406 907 438 960; x_wconf 90' lang='lat' dir='ltr'>iis</span> <span class='ocrx_word' id='word_1_71' title='bbox 449 907 516 960; x_wconf 83' lang='lat' dir='ltr'>male</span> <span class='ocrx_word' id='word_1_72' title='bbox 525 907 683 971; x_wconf 84' lang='lat' dir='ltr'>existimari,</span> <span class='ocrx_word' id='word_1_73' title='bbox 698 922 815 980; x_wconf 90' lang='lat' dir='ltr'>quorum</span> <span class='ocrx_word' id='word_1_74' title='bbox 828 905 920 976; x_wconf 90' lang='lat' dir='ltr'>paullo</span> <span class='ocrx_word' id='word_1_75' title='bbox 931 916 988 962; x_wconf 77' lang='lat' dir='ltr'>ante</span> 
     </span>
     <span class='ocr_line' id='line_1_11' title="bbox 185 978 988 1054; baseline 0 -20"><span class='ocrx_word' id='word_1_76' title='bbox 185 978 213 1034; x_wconf 91' lang='lat' dir='ltr'>in</span> <span class='ocrx_word' id='word_1_77' title='bbox 228 979 328 1033; x_wconf 76' lang='lat' dir='ltr'>ortelum</span> <span class='ocrx_word' id='word_1_78' title='bbox 346 979 429 1034; x_wconf 84' lang='lat' dir='ltr'>luerat</span> <span class='ocrx_word' id='word_1_79' title='bbox 442 981 525 1035; x_wconf 87' lang='lat' dir='ltr'>elatus</span> <span class='ocrx_word' id='word_1_80' title='bbox 542 981 674 1036; x_wconf 83' lang='lat' dir='ltr'>laudibus.</span> <span class='ocrx_word' id='word_1_81' title='bbox 715 979 818 1054; x_wconf 84' lang='lat' dir='ltr'>Vulgus</span> <span class='ocrx_word' id='word_1_82' title='bbox 828 989 934 1046; x_wconf 87' lang='lat' dir='ltr'>autem,</span> <span class='ocrx_word' id='word_1_83' title='bbox 951 979 988 1036; x_wconf 86' lang='lat' dir='ltr'>ol·</span> 
     </span>
     <span class='ocr_line' id='line_1_12' title="bbox 185 1051 988 1126; baseline 0.002 -18"><span class='ocrx_word' id='word_1_84' title='bbox 185 1051 256 1108; x_wconf 85' lang='lat' dir='ltr'>lensa</span> <span class='ocrx_word' id='word_1_85' title='bbox 269 1053 295 1108; x_wconf 94' lang='lat' dir='ltr'>in</span> <span class='ocrx_word' id='word_1_86' title='bbox 307 1072 367 1108; x_wconf 84' lang='lat' dir='ltr'>eum</span> <span class='ocrx_word' id='word_1_87' title='bbox 380 1056 494 1110; x_wconf 90' lang='lat' dir='ltr'>militum</span> <span class='ocrx_word' id='word_1_88' title='bbox 505 1054 646 1119; x_wconf 81' lang='lat' dir='ltr'>voluntate,</span> <span class='ocrx_word' id='word_1_89' title='bbox 659 1054 768 1110; x_wconf 85' lang='lat' dir='ltr'>liberius</span> <span class='ocrx_word' id='word_1_90' title='bbox 783 1055 954 1126; x_wconf 75' lang='lat' dir='ltr'>loquebatur,</span> <span class='ocrx_word' id='word_1_91' title='bbox 965 1061 988 1110; x_wconf 89' lang='lat' dir='ltr'>et</span> 
     </span>
     <span class='ocr_line' id='line_1_13' title="bbox 185 1129 691 1202; baseline 0.002 -20"><span class='ocrx_word' id='word_1_92' title='bbox 185 1134 328 1202; x_wconf 82' lang='lat' dir='ltr'>tyrannum</span> <span class='ocrx_word' id='word_1_93' title='bbox 340 1147 391 1184; x_wconf 91' lang='lat' dir='ltr'>non</span> <span class='ocrx_word' id='word_1_94' title='bbox 404 1129 538 1185; x_wconf 76' lang='lat' dir='ltr'>[erendum</span> <span class='ocrx_word' id='word_1_95' title='bbox 549 1130 691 1184; x_wconf 72' lang='lat' dir='ltr'>dictitabat.</span> 
     </span>
    </p>

    <p class='ocr_par' dir='ltr' id='par_1_3' title="bbox 185 1194 1012 2396">
     <span class='ocr_line' id='line_1_14' title="bbox 240 1194 1009 1276; baseline 0.007 -20"><span class='ocrx_word' id='word_1_96' title='bbox 240 1203 308 1258; x_wconf 88' lang='lat' dir='ltr'>VIII.</span> <span class='ocrx_word' id='word_1_97' title='bbox 329 1205 396 1259; x_wconf 84' lang='lat' dir='ltr'>llaec</span> <span class='ocrx_word' id='word_1_98' title='bbox 407 1204 450 1260; x_wconf 85' lang='lat' dir='ltr'>ille</span> <span class='ocrx_word' id='word_1_99' title='bbox 461 1207 578 1268; x_wconf 85' lang='lat' dir='ltr'>intuens,</span> <span class='ocrx_word' id='word_1_100' title='bbox 595 1221 694 1276; x_wconf 89' lang='lat' dir='ltr'>quum,</span> <span class='ocrx_word' id='word_1_101' title='bbox 708 1201 939 1276; x_wconf 83' lang='lat' dir='ltr'>quemadmodum</span> <span class='ocrx_word' id='word_1_102' title='bbox 950 1221 989 1258; x_wconf 85' lang='lat' dir='ltr'>se-</span> <span class='ocrx_word' id='word_1_103' title='bbox 1007 1194 1009 1262; x_wconf 78' lang='lat' dir='ltr'>l</span> 
     </span>
     <span class='ocr_line' id='line_1_15' title="bbox 185 1275 1011 1356; baseline 0 -24"><span class='ocrx_word' id='word_1_104' title='bbox 185 1275 269 1342; x_wconf 86' lang='lat' dir='ltr'>daret,</span> <span class='ocrx_word' id='word_1_105' title='bbox 283 1280 404 1343; x_wconf 86' lang='lat' dir='ltr'>nesciret,</span> <span class='ocrx_word' id='word_1_106' title='bbox 416 1289 453 1343; x_wconf 89' lang='lat' dir='ltr'>et,</span> <span class='ocrx_word' id='word_1_107' title='bbox 465 1297 594 1351; x_wconf 81' lang='lat' dir='ltr'>quorsum</span> <span class='ocrx_word' id='word_1_108' title='bbox 605 1281 756 1342; x_wconf 84' lang='lat' dir='ltr'>evaderent,</span> <span class='ocrx_word' id='word_1_109' title='bbox 770 1279 888 1334; x_wconf 83' lang='lat' dir='ltr'>timeret:</span> <span class='ocrx_word' id='word_1_110' title='bbox 909 1278 990 1333; x_wconf 87' lang='lat' dir='ltr'>Calli·</span> <span class='ocrx_word' id='word_1_111' title='bbox 1009 1294 1011 1356; x_wconf 53' lang='grc' dir='ltr'>ζ</span> 
     </span>
     <span class='ocr_line' id='line_1_16' title="bbox 185 1352 1012 1424; baseline 0.001 -16"><span class='ocrx_word' id='word_1_112' title='bbox 185 1363 267 1408; x_wconf 81' lang='lat' dir='ltr'>erates</span> <span class='ocrx_word' id='word_1_113' title='bbox 277 1354 400 1424; x_wconf 84' lang='lat' dir='ltr'>quidam,</span> <span class='ocrx_word' id='word_1_114' title='bbox 416 1355 483 1407; x_wconf 89' lang='lat' dir='ltr'>civis</span> <span class='ocrx_word' id='word_1_115' title='bbox 494 1353 675 1418; x_wconf 81' lang='lat' dir='ltr'>Atheniensis,</span> <span class='ocrx_word' id='word_1_116' title='bbox 691 1354 738 1424; x_wconf 92' lang='lat' dir='ltr'>qui</span> <span class='ocrx_word' id='word_1_117' title='bbox 748 1352 828 1406; x_wconf 88' lang='lat' dir='ltr'>simul</span> <span class='ocrx_word' id='word_1_118' title='bbox 840 1369 906 1406; x_wconf 87' lang='lat' dir='ltr'>cum</span> <span class='ocrx_word' id='word_1_119' title='bbox 916 1369 990 1409; x_wconf 82' lang='lat' dir='ltr'>eoex</span> <span class='ocrx_word' id='word_1_120' title='bbox 1011 1392 1012 1396; x_wconf 19' lang='grc' dir='ltr'><strong>κ</strong></span> 
     </span>
     <span class='ocr_line' id='line_1_17' title="bbox 186 1426 991 1499; baseline -0.001 -17"><span class='ocrx_word' id='word_1_121' title='bbox 186 1427 362 1499; x_wconf 79' lang='lat' dir='ltr'>Peloponneso</span> <span class='ocrx_word' id='word_1_122' title='bbox 373 1429 399 1482; x_wconf 94' lang='lat' dir='ltr'>in</span> <span class='ocrx_word' id='word_1_123' title='bbox 410 1428 526 1483; x_wconf 84' lang='lat' dir='ltr'>Siciliam</span> <span class='ocrx_word' id='word_1_124' title='bbox 537 1436 656 1493; x_wconf 87' lang='lat' dir='ltr'>venerat,</span> <span class='ocrx_word' id='word_1_125' title='bbox 673 1427 751 1481; x_wconf 90' lang='lat' dir='ltr'>homo</span> <span class='ocrx_word' id='word_1_126' title='bbox 760 1436 785 1480; x_wconf 89' lang='lat' dir='ltr'>et</span> <span class='ocrx_word' id='word_1_127' title='bbox 793 1426 912 1481; x_wconf 82' lang='lat' dir='ltr'>callidus</span> <span class='ocrx_word' id='word_1_128' title='bbox 921 1435 949 1482; x_wconf 91' lang='lat' dir='ltr'>et</span> <span class='ocrx_word' id='word_1_129' title='bbox 959 1427 991 1481; x_wconf 87' lang='lat' dir='ltr'>ad</span> 
     </span>
     <span class='ocr_line' id='line_1_18' title="bbox 185 1499 993 1576; baseline 0 -20"><span class='ocrx_word' id='word_1_130' title='bbox 185 1500 303 1558; x_wconf 82' lang='lat' dir='ltr'>fraudem</span> <span class='ocrx_word' id='word_1_131' title='bbox 314 1513 419 1568; x_wconf 87' lang='lat' dir='ltr'>acutus,</span> <span class='ocrx_word' id='word_1_132' title='bbox 432 1504 489 1557; x_wconf 88' lang='lat' dir='ltr'>sine</span> <span class='ocrx_word' id='word_1_133' title='bbox 500 1502 552 1557; x_wconf 84' lang='lat' dir='ltr'>ulla</span> <span class='ocrx_word' id='word_1_134' title='bbox 564 1502 689 1576; x_wconf 77' lang='lat' dir='ltr'>religione</span> <span class='ocrx_word' id='word_1_135' title='bbox 699 1516 728 1555; x_wconf 86' lang='lat' dir='ltr'>ao</span> <span class='ocrx_word' id='word_1_136' title='bbox 739 1499 801 1566; x_wconf 79' lang='lat' dir='ltr'>ude,</span> <span class='ocrx_word' id='word_1_137' title='bbox 816 1501 874 1555; x_wconf 85' lang='lat' dir='ltr'>adit</span> <span class='ocrx_word' id='word_1_138' title='bbox 885 1501 919 1555; x_wconf 88' lang='lat' dir='ltr'>ad</span> <span class='ocrx_word' id='word_1_139' title='bbox 931 1503 993 1556; x_wconf 87' lang='lat' dir='ltr'>Dio-</span> 
     </span>
     <span class='ocr_line' id='line_1_19' title="bbox 186 1576 993 1650; baseline -0.002 -18"><span class='ocrx_word' id='word_1_140' title='bbox 186 1593 261 1640; x_wconf 90' lang='lat' dir='ltr'>nem,</span> <span class='ocrx_word' id='word_1_141' title='bbox 282 1587 307 1631; x_wconf 91' lang='lat' dir='ltr'>et</span> <span class='ocrx_word' id='word_1_142' title='bbox 321 1580 371 1634; x_wconf 82' lang='lat' dir='ltr'>nit:</span> <span class='ocrx_word' id='word_1_143' title='bbox 401 1582 427 1634; x_wconf 77' lang='lat'>2.</span> <span class='ocrx_word' id='word_1_144' title='bbox 447 1595 508 1632; x_wconf 86' lang='lat' dir='ltr'>eum</span> <span class='ocrx_word' id='word_1_145' title='bbox 524 1577 550 1644; x_wconf 77' lang='lat' dir='ltr'>in</span> <span class='ocrx_word' id='word_1_146' title='bbox 565 1593 662 1650; x_wconf 83' lang='lat' dir='ltr'>magno</span> <span class='ocrx_word' id='word_1_147' title='bbox 676 1576 862 1648; x_wconf 74' lang='lat' dir='ltr'>perieulolesse</span> <span class='ocrx_word' id='word_1_148' title='bbox 885 1587 993 1647; x_wconf 85' lang='lat' dir='ltr'>propter</span> 
     </span>
     <span class='ocr_line' id='line_1_20' title="bbox 185 1649 994 1725; baseline 0 -19"><span class='ocrx_word' id='word_1_149' title='bbox 185 1651 353 1706; x_wconf 73' lang='lat' dir='ltr'>offensionem</span> <span class='ocrx_word' id='word_1_150' title='bbox 365 1653 454 1725; x_wconf 90' lang='lat' dir='ltr'>populi</span> <span class='ocrx_word' id='word_1_151' title='bbox 464 1661 489 1707; x_wconf 87' lang='lat' dir='ltr'>et</span> <span class='ocrx_word' id='word_1_152' title='bbox 502 1653 594 1708; x_wconf 89' lang='lat' dir='ltr'>odium</span> <span class='ocrx_word' id='word_1_153' title='bbox 605 1652 728 1715; x_wconf 90' lang='lat' dir='ltr'>militurn,</span> <span class='ocrx_word' id='word_1_154' title='bbox 741 1649 812 1722; x_wconf 92' lang='lat' dir='ltr'>quod</span> <span class='ocrx_word' id='word_1_155' title='bbox 824 1649 903 1705; x_wconf 87' lang='lat' dir='ltr'>nullo</span> <span class='ocrx_word' id='word_1_156' title='bbox 914 1652 994 1705; x_wconf 89' lang='lat' dir='ltr'>modo</span> 
     </span>
     <span class='ocr_line' id='line_1_21' title="bbox 185 1724 995 1798; baseline 0.001 -20"><span class='ocrx_word' id='word_1_157' title='bbox 185 1725 282 1779; x_wconf 87' lang='lat' dir='ltr'>evitare</span> <span class='ocrx_word' id='word_1_158' title='bbox 292 1737 389 1796; x_wconf 85' lang='lat' dir='ltr'>posset,</span> <span class='ocrx_word' id='word_1_159' title='bbox 408 1729 458 1782; x_wconf 88' lang='lat' dir='ltr'>nisi</span> <span class='ocrx_word' id='word_1_160' title='bbox 474 1727 552 1781; x_wconf 90' lang='lat' dir='ltr'>alioui</span> <span class='ocrx_word' id='word_1_161' title='bbox 566 1743 675 1782; x_wconf 90' lang='lat' dir='ltr'>suorum</span> <span class='ocrx_word' id='word_1_162' title='bbox 687 1726 820 1798; x_wconf 76' lang='lat' dir='ltr'>negotium</span> <span class='ocrx_word' id='word_1_163' title='bbox 830 1724 922 1790; x_wconf 85' lang='lat' dir='ltr'>daret,</span> <span class='ocrx_word' id='word_1_164' title='bbox 944 1726 995 1797; x_wconf 94' lang='lat' dir='ltr'>qui</span> 
     </span>
     <span class='ocr_line' id='line_1_22' title="bbox 186 1799 996 1866; baseline 0.001 -13"><span class='ocrx_word' id='word_1_165' title='bbox 186 1813 214 1853; x_wconf 87' lang='lat' dir='ltr'>se</span> <span class='ocrx_word' id='word_1_166' title='bbox 228 1799 363 1854; x_wconf 83' lang='lat' dir='ltr'>simularet</span> <span class='ocrx_word' id='word_1_167' title='bbox 377 1801 415 1854; x_wconf 92' lang='lat' dir='ltr'>illi</span> <span class='ocrx_word' id='word_1_168' title='bbox 433 1803 582 1856; x_wconf 84' lang='lat' dir='ltr'>inimicum.</span> <span class='ocrx_word' id='word_1_169' title='bbox 620 1801 705 1866; x_wconf 87' lang='lat' dir='ltr'>Quem</span> <span class='ocrx_word' id='word_1_170' title='bbox 720 1801 744 1853; x_wconf 90' lang='lat' dir='ltr'>si</span> <span class='ocrx_word' id='word_1_171' title='bbox 766 1800 917 1854; x_wconf 85' lang='lat' dir='ltr'>invenisset</span> <span class='ocrx_word' id='word_1_172' title='bbox 938 1801 996 1854; x_wconf 89' lang='lat' dir='ltr'>ido-</span> 
     </span>
     <span class='ocr_line' id='line_1_23' title="bbox 186 1873 997 1948; baseline 0 -18"><span class='ocrx_word' id='word_1_173' title='bbox 186 1889 281 1937; x_wconf 87' lang='lat' dir='ltr'>neum,</span> <span class='ocrx_word' id='word_1_174' title='bbox 294 1873 368 1928; x_wconf 86' lang='lat' dir='ltr'>laaile</span> <span class='ocrx_word' id='word_1_175' title='bbox 377 1878 497 1930; x_wconf 89' lang='lat' dir='ltr'>omniurn</span> <span class='ocrx_word' id='word_1_176' title='bbox 508 1878 610 1930; x_wconf 87' lang='lat' dir='ltr'>animos</span> <span class='ocrx_word' id='word_1_177' title='bbox 620 1873 797 1948; x_wconf 65' lang='lat' dir='ltr'>cogniturum,</span> <span class='ocrx_word' id='word_1_178' title='bbox 809 1873 997 1930; x_wconf 76' lang='lat' dir='ltr'>adversarios·</span> 
     </span>
     <span class='ocr_line' id='line_1_24' title="bbox 186 1947 998 2023; baseline 0.002 -21"><span class='ocrx_word' id='word_1_179' title='bbox 186 1963 240 2020; x_wconf 91' lang='lat' dir='ltr'>que</span> <span class='ocrx_word' id='word_1_180' title='bbox 248 1947 429 2014; x_wconf 88' lang='lat' dir='ltr'>sublaturum,</span> <span class='ocrx_word' id='word_1_181' title='bbox 445 1951 517 2023; x_wconf 92' lang='lat' dir='ltr'>quod</span> <span class='ocrx_word' id='word_1_182' title='bbox 528 1951 628 2005; x_wconf 87' lang='lat' dir='ltr'>inimici</span> <span class='ocrx_word' id='word_1_183' title='bbox 639 1949 696 2004; x_wconf 86' lang='lat' dir='ltr'>eius</span> <span class='ocrx_word' id='word_1_184' title='bbox 706 1947 843 2002; x_wconf 80' lang='lat' dir='ltr'>dissidenti</span> <span class='ocrx_word' id='word_1_185' title='bbox 854 1965 924 2004; x_wconf 88' lang='lat' dir='ltr'>suos</span> <span class='ocrx_word' id='word_1_186' title='bbox 934 1967 998 2004; x_wconf 88' lang='lat' dir='ltr'>sen-</span> 
     </span>
     <span class='ocr_line' id='line_1_25' title="bbox 186 2021 998 2096; baseline -0.002 -18"><span class='ocrx_word' id='word_1_187' title='bbox 186 2041 233 2078; x_wconf 86' lang='lat' dir='ltr'>sus</span> <span class='ocrx_word' id='word_1_188' title='bbox 247 2025 359 2096; x_wconf 82' lang='lat' dir='ltr'>aperturi</span> <span class='ocrx_word' id='word_1_189' title='bbox 375 2023 467 2080; x_wconf 86' lang='lat' dir='ltr'>lorent.</span> <span class='ocrx_word' id='word_1_190' title='bbox 506 2030 532 2082; x_wconf 86' lang='lat'>3.</span> <span class='ocrx_word' id='word_1_191' title='bbox 553 2025 610 2079; x_wconf 87' lang='lat' dir='ltr'>Tali</span> <span class='ocrx_word' id='word_1_192' title='bbox 624 2024 733 2080; x_wconf 84' lang='lat' dir='ltr'>oonsilio</span> <span class='ocrx_word' id='word_1_193' title='bbox 747 2024 867 2095; x_wconf 86' lang='lat' dir='ltr'>probato,</span> <span class='ocrx_word' id='word_1_194' title='bbox 887 2021 998 2094; x_wconf 87' lang='lat' dir='ltr'>exeepit</span> 
     </span>
     <span class='ocr_line' id='line_1_26' title="bbox 185 2097 997 2172; baseline -0.001 -20"><span class='ocrx_word' id='word_1_195' title='bbox 185 2097 234 2152; x_wconf 90' lang='lat' dir='ltr'>has</span> <span class='ocrx_word' id='word_1_196' title='bbox 255 2109 339 2171; x_wconf 89' lang='lat' dir='ltr'>partes</span> <span class='ocrx_word' id='word_1_197' title='bbox 359 2100 415 2172; x_wconf 88' lang='lat' dir='ltr'>ipse</span> <span class='ocrx_word' id='word_1_198' title='bbox 434 2099 595 2164; x_wconf 78' lang='lat' dir='ltr'>Callicrates,</span> <span class='ocrx_word' id='word_1_199' title='bbox 615 2107 687 2154; x_wconf 88' lang='lat' dir='ltr'>etse</span> <span class='ocrx_word' id='word_1_200' title='bbox 706 2107 789 2154; x_wconf 86' lang='lat' dir='ltr'>armat</span> <span class='ocrx_word' id='word_1_201' title='bbox 808 2097 997 2168; x_wconf 77' lang='lat' dir='ltr'>imprudentIa</span> 
     </span>
     <span class='ocr_line' id='line_1_27' title="bbox 185 2172 998 2242; baseline 0 -16"><span class='ocrx_word' id='word_1_202' title='bbox 185 2172 286 2228; x_wconf 84' lang='lat' dir='ltr'>Dionis.</span> <span class='ocrx_word' id='word_1_203' title='bbox 325 2175 367 2228; x_wconf 93' lang='lat' dir='ltr'>Ad</span> <span class='ocrx_word' id='word_1_204' title='bbox 379 2193 442 2229; x_wconf 88' lang='lat' dir='ltr'>eum</span> <span class='ocrx_word' id='word_1_205' title='bbox 453 2173 660 2230; x_wconf 83' lang='lat' dir='ltr'>interficiendum</span> <span class='ocrx_word' id='word_1_206' title='bbox 675 2173 760 2228; x_wconf 89' lang='lat' dir='ltr'>socios</span> <span class='ocrx_word' id='word_1_207' title='bbox 772 2173 926 2242; x_wconf 81' lang='lat' dir='ltr'>oonquirit3</span> <span class='ocrx_word' id='word_1_208' title='bbox 949 2172 998 2228; x_wconf 81' lang='lat' dir='ltr'>ad-</span> 
     </span>
     <span class='ocr_line' id='line_1_28' title="bbox 186 2245 995 2314; baseline 0 -15"><span class='ocrx_word' id='word_1_209' title='bbox 186 2248 315 2301; x_wconf 81' lang='lat' dir='ltr'>versarios</span> <span class='ocrx_word' id='word_1_210' title='bbox 328 2250 386 2302; x_wconf 88' lang='lat' dir='ltr'>eius</span> <span class='ocrx_word' id='word_1_211' title='bbox 399 2250 533 2314; x_wconf 83' lang='lat' dir='ltr'>oonrenit,</span> <span class='ocrx_word' id='word_1_212' title='bbox 554 2249 759 2304; x_wconf 76' lang='lat' dir='ltr'>mniurationem</span> <span class='ocrx_word' id='word_1_213' title='bbox 772 2245 926 2302; x_wconf 77' lang='lat' dir='ltr'>oonhrnrat.</span> <span class='ocrx_word' id='word_1_214' title='bbox 969 2249 995 2302; x_wconf 80' lang='lat' dir='ltr'>I.</span> 
     </span>
     <span class='ocr_line' id='line_1_29' title="bbox 187 2317 997 2396; baseline 0.004 -25"><span class='ocrx_word' id='word_1_215' title='bbox 187 2317 251 2382; x_wconf 88' lang='lat' dir='ltr'>Iles,</span> <span class='ocrx_word' id='word_1_216' title='bbox 269 2321 360 2375; x_wconf 85' lang='lat' dir='ltr'>multis</span> <span class='ocrx_word' id='word_1_217' title='bbox 375 2325 486 2376; x_wconf 87' lang='lat' dir='ltr'>eonsciis</span> <span class='ocrx_word' id='word_1_218' title='bbox 501 2341 570 2394; x_wconf 87' lang='lat' dir='ltr'>quae</span> <span class='ocrx_word' id='word_1_219' title='bbox 584 2333 729 2396; x_wconf 82' lang='lat' dir='ltr'>gereretur,</span> <span class='ocrx_word' id='word_1_220' title='bbox 745 2321 810 2376; x_wconf 87' lang='lat' dir='ltr'>elata</span> <span class='ocrx_word' id='word_1_221' title='bbox 822 2321 949 2377; x_wconf 86' lang='lat' dir='ltr'>del&#39;ertur</span> <span class='ocrx_word' id='word_1_222' title='bbox 964 2319 997 2375; x_wconf 85' lang='lat' dir='ltr'>ad</span> 
     </span>
    </p>
   </div>
   <div class='ocr_carea' id='block_1_3' title="bbox 188 2391 999 2766">
    <p class='ocr_par' dir='ltr' id='par_1_4' title="bbox 188 2391 999 2766">
     <span class='ocr_line' id='line_1_30' title="bbox 188 2391 998 2468; baseline 0.004 -22"><span class='ocrx_word' id='word_1_223' title='bbox 188 2391 395 2460; x_wconf 78' lang='lat' dir='ltr'>Aristomachen,</span> <span class='ocrx_word' id='word_1_224' title='bbox 407 2413 521 2451; x_wconf 88' lang='lat' dir='ltr'>sororem</span> <span class='ocrx_word' id='word_1_225' title='bbox 531 2399 629 2462; x_wconf 88' lang='lat' dir='ltr'>Dionis,</span> <span class='ocrx_word' id='word_1_226' title='bbox 641 2411 805 2468; x_wconf 86' lang='lat' dir='ltr'>uxoremque</span> <span class='ocrx_word' id='word_1_227' title='bbox 814 2395 926 2450; x_wconf 79' lang='lat' dir='ltr'>Areten.</span> <span class='ocrx_word' id='word_1_228' title='bbox 962 2395 998 2449; x_wconf 93' lang='lat' dir='ltr'>Il-</span> 
     </span>
     <span class='ocr_line' id='line_1_31' title="bbox 188 2463 998 2542; baseline 0.004 -22"><span class='ocrx_word' id='word_1_229' title='bbox 188 2463 229 2520; x_wconf 82' lang='lat' dir='ltr'>lna</span> <span class='ocrx_word' id='word_1_230' title='bbox 239 2467 330 2522; x_wconf 89' lang='lat' dir='ltr'>timore</span> <span class='ocrx_word' id='word_1_231' title='bbox 342 2471 489 2539; x_wconf 88' lang='lat' dir='ltr'>perterritae</span> <span class='ocrx_word' id='word_1_232' title='bbox 498 2473 670 2536; x_wconf 79' lang='lat' dir='ltr'>conveniunt,</span> <span class='ocrx_word' id='word_1_233' title='bbox 686 2473 764 2526; x_wconf 84' lang='lat' dir='ltr'>euius</span> <span class='ocrx_word' id='word_1_234' title='bbox 777 2470 810 2525; x_wconf 88' lang='lat' dir='ltr'>da</span> <span class='ocrx_word' id='word_1_235' title='bbox 823 2469 948 2542; x_wconf 87' lang='lat' dir='ltr'>periculo</span> <span class='ocrx_word' id='word_1_236' title='bbox 963 2469 998 2523; x_wconf 86' lang='lat' dir='ltr'>ti-</span> 
     </span>
     <span class='ocr_line' id='line_1_32' title="bbox 188 2542 995 2616; baseline 0.002 -20"><span class='ocrx_word' id='word_1_237' title='bbox 188 2542 304 2597; x_wconf 87' lang='lat' dir='ltr'>mebant.</span> <span class='ocrx_word' id='word_1_238' title='bbox 342 2545 376 2596; x_wconf 87' lang='lat' dir='ltr'>At</span> <span class='ocrx_word' id='word_1_239' title='bbox 392 2543 436 2596; x_wconf 92' lang='lat' dir='ltr'>ille</span> <span class='ocrx_word' id='word_1_240' title='bbox 450 2552 539 2616; x_wconf 78' lang='lat' dir='ltr'>negat,</span> <span class='ocrx_word' id='word_1_241' title='bbox 556 2547 716 2600; x_wconf 84' lang='lat' dir='ltr'>aCullierate</span> <span class='ocrx_word' id='word_1_242' title='bbox 731 2545 787 2599; x_wconf 84' lang='lat' dir='ltr'>fieri</span> <span class='ocrx_word' id='word_1_243' title='bbox 802 2545 856 2598; x_wconf 90' lang='lat' dir='ltr'>sibi</span> <span class='ocrx_word' id='word_1_244' title='bbox 867 2544 995 2608; x_wconf 87' lang='lat' dir='ltr'>insidias,</span> 
     </span>
     <span class='ocr_line' id='line_1_33' title="bbox 188 2616 999 2689; baseline 0.006 -21"><span class='ocrx_word' id='word_1_245' title='bbox 188 2616 235 2668; x_wconf 80' lang='lat' dir='ltr'>sed</span> <span class='ocrx_word' id='word_1_246' title='bbox 245 2616 304 2679; x_wconf 86' lang='lat' dir='ltr'>illa,</span> <span class='ocrx_word' id='word_1_247' title='bbox 319 2626 547 2686; x_wconf 78' lang='lat' dir='ltr'>quaeagarentur,</span> <span class='ocrx_word' id='word_1_248' title='bbox 564 2618 620 2672; x_wconf 85' lang='lat' dir='ltr'>fieri</span> <span class='ocrx_word' id='word_1_249' title='bbox 635 2627 770 2689; x_wconf 80' lang='lat' dir='ltr'>praesepto</span> <span class='ocrx_word' id='word_1_250' title='bbox 783 2633 843 2672; x_wconf 85' lang='lat' dir='ltr'>suo.</span> <span class='ocrx_word' id='word_1_251' title='bbox 882 2621 914 2672; x_wconf 79' lang='grc' dir='ltr'>ὅ.</span> <span class='ocrx_word' id='word_1_252' title='bbox 935 2619 999 2672; x_wconf 80' lang='lat' dir='ltr'>uu-</span> 
     </span>
     <span class='ocr_line' id='line_1_34' title="bbox 189 2683 999 2766; baseline 0.007 -25"><span class='ocrx_word' id='word_1_253' title='bbox 189 2683 266 2742; x_wconf 72' lang='lat' dir='ltr'>lteres</span> <span class='ocrx_word' id='word_1_254' title='bbox 284 2686 369 2742; x_wconf 88' lang='lat' dir='ltr'>nihilo</span> <span class='ocrx_word' id='word_1_255' title='bbox 386 2689 473 2742; x_wconf 82' lang='lat' dir='ltr'>seclus</span> <span class='ocrx_word' id='word_1_256' title='bbox 486 2689 650 2746; x_wconf 70' lang='lat' dir='ltr'>culmum</span> <span class='ocrx_word' id='word_1_257' title='bbox 668 2691 698 2748; x_wconf 90' lang='lat' dir='ltr'>in</span> <span class='ocrx_word' id='word_1_258' title='bbox 715 2691 806 2766; x_wconf 77' lang='lat' dir='ltr'>aedem</span> <span class='ocrx_word' id='word_1_259' title='bbox 819 2692 999 2765; x_wconf 77' lang='lat' dir='ltr'>Proserpinae</span> 
     </span>
    </p>
   </div>
   <div class='ocr_carea' id='block_1_4' title="bbox 0 0 1044 3234">
    <p class='ocr_par' dir='ltr' id='par_1_5' title="bbox 0 0 1044 3234">
     <span class='ocr_line' id='line_1_35' title="bbox 0 0 1044 3234; baseline 0 0"><span class='ocrx_word' id='word_1_260' title='bbox 0 0 1044 3234; x_wconf 95' lang='lat' dir='ltr'> </span> 
     </span>
    </p>
   </div>
  </div>
 </body>
</html>
