2058 3234
203 199 230 237 VI

204 304 314 362 1111111111
333 310 406 376 opus
423 299 626 375 imperfectum
644 297 806 384 reliquisse,
823 303 877 355 aut·
889 295 1006 354 nonnisi

205 405 328 480 primam
351 402 447 476 operis
471 408 584 476 partem
607 400 645 457 ad
666 408 768 458 nostre
788 408 923 474 tempora
949 415 1006 456 ser·

204 513 304 562 vatam
323 521 396 560 esse.
948 557 952 560 ,

269 605 398 662 Textum
421 600 629 661 Cornelianum
654 603 792 678 quonism
814 601 901 660 novis
927 602 1005 658 lucu·

206 705 437 778 lectionibusque
459 703 537 779 typis
558 703 617 761 iam
640 722 782 762 exornare
806 705 1004 780 typographus

207 805 405 877 constituerat,
423 805 503 862 omni
518 823 608 879 opera
622 805 717 863 adnisi
732 823 841 876 sumus,
854 813 888 862 ut
901 804 1003 862 librum

208 926 296 982 quem
318 905 585 964 emendatissimum
607 906 856 980 tersissimumque
878 915 1004 980 praeste-

206 1027 312 1068 remus.
351 1007 391 1064 Et
407 1006 439 1062 in
455 1005 582 1063 lectione
599 1005 694 1081 mag'is
712 1007 853 1066 etiamad
873 1007 1003 1065 codicum

207 1107 523 1185 praestantissimcmm
557 1109 761 1168 auctoritatem
790 1109 822 1166 in
850 1109 887 1167 111
920 1117 1002 1178 certe,

209 1229 285 1285 qnae
313 1217 342 1268 et
364 1229 382 1266 1
403 1209 544 1266 Fischero
567 1209 778 1286 Harlessioque
802 1221 831 1270 et
851 1211 916 1268 11111
938 1209 1003 1266 viris

209 1312 303 1370 doctis
321 1313 511 1386 comprobata
532 1311 648 1370 fuerant
669 1321 720 1371 sut
741 1331 816 1388 quae
838 1330 1003 1370 sensusne·

208 1414 336 1473 cessario
362 1413 543 1488 requirebat,
571 1415 760 1487 accessimus,
786 1415 822 1472 de
849 1413 954 1488 quibus
979 1413 1003 1468 in

208 1516 286 1572 notis
320 1515 501 1590 perbreviter
532 1515 674 1572 rationem
706 1515 863 1572 reddimus.
917 1507 1015 1590 Frag-i

209 1623 308 1674 menta
329 1615 377 1672 hie
399 1615 487 1674 etiam
510 1615 597 1672 adiici
619 1615 795 1686 curavimus,
823 1631 881 1688 quc
905 1631 942 1671 cx
964 1613 1002 1670 his

210 1735 327 1790 quoque
354 1711 520 1790 scriptionis
544 1713 737 1773 Cornelianus
762 1714 892 1788 reliquiis
918 1715 1003 1789 ipsius

212 1816 361 1892 scriptoris
382 1815 480 1892 image
499 1815 604 1874 elarius
626 1814 740 1889 concipi
761 1824 869 1889 posset.
909 1817 1003 1890 Atque

210 1918 252 1976 sic
273 1917 430 1975 lectoribus
453 1915 673 1990 quibuscunque
697 1914 856 1976 iucundum
879 1917 956 1973 hunc
981 1923 1004 1972 et

209 2021 285 2076 benc
308 2025 441 2075 ornatum
462 2016 593 2074 libellum
612 2016 843 2090 quammaxime
862 2017 1003 2076 commen·

212 2119 312 2176 datum
331 2135 394 2176 esse
413 2117 553 2192 cupimus.

275 2235 336 2294 Ser.
353 2234 472 2310 Lipsiae
489 2253 528 2293 m.
546 2237 617 2294 Dec.
637 2253 662 2292 1.
682 2233 779 2292 XLII.
