2054 3232
150 197 268 254 XXIII.
288 197 504 258 HANNIBAL.
521 199 606 257 CAP.
624 200 677 256 IX.
697 200 735 256 X.
789 203 838 258 le't
918 196 919 199 ¹

37 315 93 362 tam
114 307 146 362 in
167 308 269 382 agendo
288 308 358 364 bello
378 327 469 382 perere
490 308 617 364 voluisset
637 307 755 363 oonsiliis
769 309 836 376 eius,

37 399 121 454 quam
151 381 180 436 in
209 383 378 454 suscipiendo
407 384 568 448 instituerat,
599 383 709 455 propius
738 383 836 449 Tiberi,

37 473 122 528 quam
145 456 340 530 Thermopylis,
363 458 525 512 desummo
548 458 653 527 imperii
675 455 837 512 dimicasset.

37 529 124 596 Quem
146 530 195 584 elsi
217 531 303 586 mults
325 531 404 588 stulte
420 533 508 588 sonari
525 531 640 597 videbat,
658 538 746 586 tamen
764 531 839 588 nulla
880 573 894 583 ,

37 605 155 660 deseruit
173 605 202 660 in
221 623 259 660 re.
298 609 325 662 l.
345 605 460 663 Praeluit
476 607 569 678 paucis
585 606 710 671 navibus,
724 623 793 678 quas
805 623 838 662 ex

38 679 117 754 Syria
135 680 228 734 iussus
248 681 349 736 eratin
367 682 459 736 Asiam
476 681 579 745 dooere,
598 679 700 752 hisque
711 679 838 734 adversus

37 753 204 809 Rhodiorum
226 753 344 810 ¹classem
374 756 404 813 in
430 755 588 828 Pamphylio
614 753 687 808 mari
709 752 836 808 oonllixit.

38 827 97 894 Quo
113 845 201 900 quum
218 828 389 886 multitudine
401 829 611 886 adversariorum
627 828 671 884 sui
683 845 839 900 supereren-
905 891 911 907 ι

37 909 89 968 tur,
105 903 173 974 ipse,
188 919 243 974 quo
254 919 336 958 eornu
349 921 405 958 rem
417 905 508 977 gessit,
521 902 573 958 luit
584 902 720 974 superior.

62 1013 69 1026 -
91 977 143 1032 IX.
164 976 295 1036 Antiocho
311 977 410 1052 lugeto,
429 993 531 1042 verens,
550 993 584 1032 ne
600 976 746 1043 dederetim
765 976 838 1049 quod

36 1052 96 1106 sine
113 1049 197 1105 dubio
214 1051 360 1116 aocidisset,
379 1052 402 1106 si
420 1051 463 1108 sui
481 1050 584 1106 iecisset
598 1059 760 1122 potestatem,
776 1051 839 1106 Cre-

36 1133 91 1180 tsm
105 1124 141 1180 ad
153 1124 296 1199 Gortynios
308 1126 389 1190 venit,
404 1133 435 1180 ut
446 1125 494 1190 ibi,
508 1141 563 1196 quo
574 1141 604 1180 se
620 1124 755 1189 eonferret,
775 1142 839 1182 oon-

36 1199 174 1254 sideraret.
197 1241 201 1252 .
213 1203 239 1256 2.
261 1199 333 1258 Vidit
344 1207 433 1256 autem
445 1200 488 1256 vir
499 1198 621 1254 omnium
638 1197 835 1265 callidissimus,

36 1290 138 1348 magno
155 1290 184 1328 se
200 1273 256 1328 lore
266 1273 393 1346 perieule,
407 1273 460 1328 nisi
473 1273 540 1346 quid
552 1272 719 1346 providisset,
732 1281 838 1346 propter

36 1349 177 1404 avaritiam
194 1347 369 1404 Cretensium.
407 1349 531 1421 Magnam
552 1347 625 1402 enim
645 1363 743 1402 seeumv
757 1361 839 1419 peon-

35 1423 112 1478 niam
127 1423 257 1494 portabat,
276 1422 310 1476 de
325 1439 380 1494 qna
392 1423 490 1478 sciebat
501 1421 591 1476 exisse·
599 1420 708 1476 lamam.
740 1424 766 1476 3.
786 1422 838 1476 lta·

36 1515 91 1570 que
104 1497 175 1568 oepit
187 1496 238 1552 tale
249 1496 401 1552 eonsilium.
439 1495 588 1568 Amphoras
600 1494 749 1568 eomplures
765 1511 838 1550 oom-

34 1572 91 1646 plet
109 1571 237 1643 plumbu;
257 1588 377 1626 summas
395 1571 478 1642 operit
495 1587 559 1625 euro
575 1577 601 1625 st
617 1577 733 1644 argento.
772 1570 834 1634 llas,

34 1645 222 1719 praesentibus
243 1645 425 1718 principibus,
444 1644 552 1717 deponit
566 1645 596 1700 in
612 1643 710 1716 templo
727 1643 835 1708 Dianae,

34 1719 180 1785 simulans,
195 1737 223 1774 se
234 1737 298 1776 suas
310 1719 428 1776 fortunas
440 1719 548 1774 illorum
560 1718 621 1773 lidei
638 1717 751 1773 eredere.
770 1751 772 1756 .
789 1717 838 1772 llis

34 1797 64 1850 in
83 1811 199 1849 errorem
218 1794 343 1859 induetis,
362 1801 461 1849 statuas
477 1811 579 1858 senem,
594 1810 662 1865 quas
674 1808 764 1848 seeum
776 1809 839 1864 por-

35 1870 119 1934 tabat,
133 1885 226 1924 omnes
237 1885 287 1923 sua
298 1868 411 1940 peounia
423 1867 543 1940 eomplet,
559 1885 656 1940 easque
667 1867 696 1922 in
713 1875 839 1939 propatu-

35 1943 62 2000 lo
78 1943 154 2008 domi
175 1943 275 1997 abiicit.
314 1945 340 1998 l.
361 1941 483 2016 Gortynii
504 1941 634 2014 templum
655 1959 753 2016 magna
774 1958 838 1996 cura

35 2017 202 2088 custodiunt,
216 2034 270 2072 non
282 2024 337 2072 tam
349 2033 365 2072 a
376 2015 478 2080 esteris,
493 2033 576 2087 quam
588 2015 622 2070 ab
634 2015 789 2079 Hannibale,
804 2031 838 2068 ne

35 2093 93 2159 ille,
107 2091 283 2147 insolentibus
295 2091 349 2156 his,
362 2090 463 2145 tolleret
474 2105 618 2160 secumque
630 2087 743 2142 duceret.
843 2117 846 2124 ι

93 2167 132 2222 X.
145 2165 198 2232 Sic,
213 2165 372 2222 oonservatis
385 2163 443 2220 suis
454 2162 544 2228 rebus,
554 2163 666 2226 Poenus,
678 2161 765 2216 illusis
775 2159 839 2216 Cre·

35 2241 160 2298 tenuibus
180 2241 321 2306 omnibus,
339 2237 507 2307 adl’msism
529 2237 558 2291 in
574 2237 688 2290 Pontum
706 2235 836 2306 pervenit.

36 2315 120 2388 Apud
132 2331 213 2387 quem
225 2315 316 2370 eodem
329 2314 419 2370 aalma
430 2311 481 2368 luit
493 2329 555 2386 erga
568 2309 678 2376 ltaliam,
694 2327 780 2382 neque
790 2309 838 2366 ali-

36 2391 77 2446 ud
93 2389 244 2464 quidquam
260 2389 323 2463 egit,
342 2406 425 2462 quam
442 2403 531 2460 wem
549 2385 662 2440 armavit
681 2393 707 2440 et
722 2385 839 2442 exercuit

37 2466 168 2521 adversus
180 2465 322 2520 Romanos.
353 2467 387 2520 i.
407 2461 492 2529 Quem
505 2477 591 2534 quum
603 2459 704 2516 videret
715 2460 841 2516 domesti-

37 2541 78 2595 eis
100 2541 198 2612 opibus
219 2539 311 2594 minus
326 2555 383 2592 esse
400 2537 553 2602 robustum,
572 2535 727 2590 oouoiliabat
743 2543 839 2589 eeteros

31 2632 129 2688 «reges,
148 2613 361 2688 adiungebatque
377 2611 513 2668 bellieesas
526 2611 654 2666 nationes.
693 2607 839 2664 Dissidebat

13 2697 23 2732 έ
39 2691 74 2745 ab
90 2705 122 2746 eo
138 2691 315 2764 Pergamenus
331 2705 388 2755 rex,
406 2687 548 2753 Eumenes,
568 2685 693 2742 Romanis
710 2681 839 2738 amicust.
