2058 3234
217 199 288 258 XII.
307 200 511 260 CHABRIAS.
532 202 615 261 CAP.
636 207 690 263 lll.
822 209 850 264 bl
885 236 889 243 f

49 307 154 376 stravit,
165 325 253 382 quum
262 309 319 366 dux
329 310 530 368 Atheniensium
540 321 619 382 esset3
640 314 700 370 inA
735 325 796 390 ypta
806 335 855 372 sua

49 392 145 456 sponte
153 385 245 458 gessit.
284 387 352 440 Nam
362 387 523 442 Nectenebin
534 387 653 443 adiutum
664 407 710 461 pra
721 399 801 456 eatus,
814 409 855 448 re-

48 477 138 532 gnum
152 459 177 513 ei
191 460 335 534 eonstituit.
375 465 401 518 2.
422 462 493 516 Fecit
503 463 572 516 idem
583 463 678 538 Cypri,
694 465 739 519 sed
750 466 856 536 publiea

49 535 83 588 ab
94 532 302 589 Atheniensibus
312 536 446 609 Euagorae
456 537 558 591 adiutor
572 537 662 606 datus3
685 555 770 611 neque
779 541 855 611 prius

47 608 113 662 inde
127 608 261 675 disaessit,
282 627 364 681 quam
378 619 460 666 tetam
476 611 590 667 insulani
605 612 673 668 bello
692 614 852 670 devineeret:

47 701 104 755 qua
115 701 150 738 ex
161 701 188 738 re
197 683 368 740 Athenienses
378 689 502 760 magnarii
512 687 623 760 gloriam
634 697 696 742 sunt
706 688 802 760 adepti.
827 694 852 746 3.

48 758 161 812 Interim
171 757 271 813 bellum
282 759 499 835 interAegyptios
513 769 538 816 et
546 763 637 817 Persas
650 762 791 818 conflatum
804 774 852 820 est.

47 831 225 888 Athenienses
239 850 301 888 nuru
316 833 458 890 Artaxerxe
472 837 618 892 societatem
638 837 782 906 habebant3
805 840 855 894 La-

46 907 213 962 eedaernunii
228 923 290 976 eum
303 907 452 984 Aegyptiis,
474 929 488 965 a
503 912 602 983 quibus
617 930 727 986 magnas
745 913 854 986 praedas

46 981 205 1055 Agesilaus,
221 1001 268 1038 rex
277 1001 382 1050 eorum,
399 984 516 1056 ianiabat..
556 987 586 1041 ld
601 987 705 1042 inhiens
715 988 852 1055 Chabrias,

46 1073 139 1128 quum
150 1057 177 1111 in
188 1075 215 1112 re
224 1057 298 1113 nulla
307 1058 549 1134 Agesilaooederet,
565 1079 612 1116 sua
623 1072 715 1134 sponte
724 1081 768 1118 ees
778 1064 855 1119 adru-

46 1141 109 1218 turn
113 1131 250 1261 prolapus
260 1132 403 1208 Aegyptiae
411 1134 488 1190 alassi
500 1135 623 1206 praefuit,
636 1137 800 1208 pedestribus
811 1155 854 1193 aa·

46 1225 104 1279 pus
138 1221 193 1280 gesa
205 1225 263 1262 aus.
547 1232 553 1241 ·

105 1283 153 1336 111.
174 1283 243 1338 Tum
261 1281 381 1355 praelecti
399 1286 469 1358 regis
487 1283 589 1339 Persian
608 1283 705 1358 legatas
725 1288 854 1343 miserunt

47 1357 168 1412 Athenas
177 1365 315 1430 questum,
330 1357 402 1432 quaed
412 1359 539 1414 Chabrias
548 1359 689 1414 adversum
700 1379 786 1434 regern
798 1361 854 1415 bel-
887 1365 891 1376 “

48 1432 110 1486 lum
119 1440 219 1505 gereret
228 1449 290 1486 eum
300 1432 446 1506 Aegyptiis.
485 1434 657 1488 Athenienses
672 1435 742 1489 diem
757 1443 853 1490 eertarn

48 1507 181 1562 Chabriae
190 1507 404 1578 praestituerunt,
421 1525 502 1580 quarn
513 1517 572 1562 ante
582 1508 691 1564 domurn
707 1509 759 1564 nisi
770 1509 853 1563 redis-

49 1589 98 1647 set,
109 1582 205 1654 eapitis
214 1599 242 1636 se
252 1581 330 1636 illum
340 1581 508 1637 damnaturos
519 1583 716 1638 denuntiarunt.
746 1583 853 1638 Hoeille
909 1644 911 1648 ,

49 1657 146 1712 nuntio
160 1656 274 1712 Athenas
289 1656 378 1722 rediit,
400 1673 485 1728 neque
499 1659 536 1712 ibi
551 1658 652 1713 diutius
666 1666 705 1714 est
724 1666 850 1724 moratus,

48 1749 134 1806 quam
152 1730 203 1788 fuit
222 1749 335 1788 neeesse.
374 1735 400 1788 2.
421 1733 480 1786 Nou
500 1733 573 1805 anina
591 1733 701 1790 libenter
720 1742 774 1790 erat
794 1741 853 1790 ante

48 1806 141 1862 oculos
151 1807 385 1870 civiumsuorum,
401 1806 473 1878 quod
481 1814 506 1860 et
515 1807 621 1862 vivebat
631 1807 712 1874 laute,
728 1817 752 1864 et
763 1808 838 1863 indul

48 1882 129 1954 gebat
138 1881 189 1936 sibi
199 1880 347 1946 liberalius,
359 1897 440 1952 quam
451 1887 481 1936 ut
489 1881 619 1938 invidiam
629 1883 705 1957 vulgi
719 1891 805 1955 posset
815 1883 852 1938 el-

49 1957 151 2030 ingere.
187 1960 213 2010 3.
233 1956 280 2010 Est
292 1955 364 2011 enim
378 1955 428 2010 hee
441 1972 582 2012 commune
595 1959 690 2014 vitium
705 1959 733 2013 in
747 1977 852 2031 magnis

50 2031 195 2101 liberisque
204 2029 364 2094 civitatibus,
376 2038 406 2084 ut
416 2030 516 2086 invidia
525 2031 624 2104 gloriae
633 2049 719 2086 eomes
730 2033 771 2096 sit,
784 2041 809 2086 et
820 2031 852 2085 li-

50 2108 142 2160 benter
155 2104 188 2158 de
201 2104 244 2158 his
258 2103 407 2170 detrahant,
429 2122 496 2178 ques
511 2107 625 2160 eminere
639 2106 745 2160 videant
757 2106 849 2174 altius;

51 2197 138 2251 neque
152 2179 240 2234 animo
254 2196 338 2250 aequo
351 2196 479 2250 pauperes
494 2179 606 2234 alienam
625 2180 790 2251 opulentiam
809 2184 852 2235 in-

51 2261 163 2309 tuuntur
176 2253 318 2308 fortunam.
357 2255 447 2325 Itaque
456 2253 596 2320 Chabrias,
616 2254 704 2326 quoad
713 2255 737 2309 ei
748 2255 849 2322 lieebat,

49 2329 199 2401 plurimum
222 2329 318 2383 aberat.
359 2331 384 2382 l.
405 2329 497 2400 Neque
519 2346 582 2384 vero
604 2329 676 2384 solus
700 2329 745 2384 ille
764 2332 852 2386 aberat
948 2349 954 2356 ·

50 2404 161 2458 Athenis
181 2401 304 2468 libenter,
330 2402 377 2457 sed
399 2420 490 2458 ornnes
514 2403 566 2458 fere
584 2405 716 2477 principes
736 2404 852 2461 iecerunt

51 2478 135 2533 idern:
156 2475 229 2550 quod
242 2484 343 2532 tanturn
358 2495 387 2532 se
400 2478 434 2533 ab
448 2477 549 2535 invidia
563 2481 690 2551 putabant
704 2479 848 2546 ablaturos,

50 2559 181 2625 quantuni
192 2569 206 2607 a
216 2559 354 2624 eonspeetu
368 2569 478 2608 suorum
488 2555 662 2610 recessissent.
702 2557 792 2626 ltaque
801 2555 852 2609 Co-

51 2646 103 2683 non
117 2626 265 2700 plurimum
275 2627 355 2700 Cypri
373 2627 451 2693 vixit,
468 2629 608 2700 lphiarates
622 2630 651 2685 in
666 2629 790 2692 Thracia,
806 2629 851 2681 Ti-

51 2703 171 2764 motheus
187 2701 278 2780 Lesbi,
300 2701 397 2770 Chares
412 2704 440 2768 in
454 2703 542 2780 Sigeo.
581 2703 722 2758 Dissimilis
741 2702 850 2778 quidem

637 2779 685 2844 1³2
