2058 3234
176 195 208 247 ts
348 186 429 246 xiv.
449 184 644 243 utTAMES.
664 183 748 244 CAP.
767 183 801 244 V.

176 317 222 354 sus
238 297 312 364 inde,
328 297 535 369 dies-noctesque
548 294 717 360 iterfieciens,
733 295 855 350 Taurum
869 294 984 356 transiit,

176 392 272 446 coque,
289 391 343 446 quo
351 373 500 436 studuerat,
517 371 602 439 venit;
623 370 739 442 quaerit,
755 369 861 442 quibus
877 367 987 426 iocissit

177 449 268 522 Aspis3
280 449 420 522 cognoscit,
432 447 503 502 haud
514 445 590 519 iunge
599 446 698 510 abesse,
709 443 918 516 profectumque
927 461 987 498 eum

176 533 312 610 venetum.
351 523 437 610 Quem
446 521 511 577 dum
522 519 680 607 speculetur,
692 519 824 575 adventus
833 519 897 574 eius
907 531 987 574 muse

177 606 352 729 tuditi
366 597 622 744 diditi&
635 593 988 726 ttffltdtffldtd

85 794 89 804 .
144 749 147 753 ’
177 749 253 815 divit,
265 749 429 820 armacapit3
445 764 508 804 suos
517 746 593 818 sequi
604 744 690 806 iubet:
710 745 767 818 ipse
776 761 846 817 equo
856 745 987 800 concitato

178 825 215 878 ed
221 825 322 879 bostem
331 823 446 878 vehitur.
485 821 570 889 Quem
580 819 670 894 procul
681 819 760 893 Aspis
773 819 947 892 conspiciens
956 819 986 874 ad

179 915 208 953 se
221 898 357 962 terentem,
374 897 544 968 pertimescit,
559 903 639 968 etque
648 914 662 951 e
672 903 767 952 conatu
782 895 928 950 resistendi
944 894 986 948 de-

180 977 284 1027 territus
297 989 354 1026 ecee
367 971 448 1026 dedit.
487 973 564 1026 Hunc
577 972 696 1027 &umes
709 971 830 1028 vinctum
844 969 883 1026 ed
897 987 984 1044 regem

179 1047 330 1103 ducendum
340 1045 417 1101 tradit
426 1046 580 1102 Mithridati.

235 1123 267 1179 V.
288 1123 356 1177 Haec
368 1121 434 1178 dum
447 1129 588 1196 geruntur,
606 1120 775 1186 Artaxerxes,
797 1120 982 1186 reminiscens,

180 1203 304 1270 equanto
313 1196 381 1253 bello
390 1197 424 1252 ed
434 1215 516 1270 quem
526 1213 636 1268 parvam
651 1213 705 1252 rem
720 1196 869 1267 principem
883 1196 983 1250 ductam
1012 1239 1013 1242 ,

180 1273 307 1338 misisset,
323 1271 605 1344 seipse-reprehendit,
619 1278 644 1326 et
660 1271 783 1326 nuntium
792 1271 828 1325 sd
837 1271 983 1326 exercitum

105 1372 110 1383 κ
180 1347 250 1404 Acen
260 1349 346 1414 misit,
362 1347 434 1420 quod
445 1345 564 1402 nondum
574 1343 854 1416 Datamenproioctum
863 1345 982 1418 putebat,

180 1424 228 1496 qui
242 1425 266 1478 ei
280 1423 389 1488 diceret,
405 1439 439 1478 ne
451 1421 486 1477 ab
499 1420 615 1476 exercitu
625 1419 776 1475 discedemt.
816 1419 880 1485 Hic,
898 1421 984 1492 prius-

181 1515 262 1571 quem
273 1498 427 1570 perveniret,
438 1513 494 1569 quo
501 1506 555 1552 crat
564 1493 702 1566 proiectus,
710 1495 738 1550 in
748 1494 840 1550 itinere
848 1495 981 1559 convenit,
1012 1497 1013 1500 ’

180 1573 332 1647 quidecim
342 1572 481 1628 ducebant.
510 1574 537 1627 2.
557 1568 752 1637 Quaesieritote
761 1587 848 1641 quum
857 1581 983 1644 magnam
1012 1561 1013 1636 i

181 1647 388 1704 benevolentiam
398 1647 468 1721 regis
478 1647 597 1701 Datames
606 1651 761 1700 consecutis
770 1651 851 1709 esset,
868 1661 924 1700 non
935 1645 984 1698 mi-

182 1723 273 1777 norem
288 1721 417 1776 invidiam
431 1719 577 1776 aulicorum
591 1721 706 1792 excepit,
721 1719 797 1792 quod·
808 1719 889 1774 illum
898 1737 983 1774 unum

181 1795 730 1926 ttttat'ttttt'ttiddtt‘·
751 1793 981 1924 diffidi*

182 1953 234 2012 tes,
249 1888 429 2020 gazaffldstoa
443 1946 541 2020 regiae,
557 1945 659 2000 amisus
672 1911 787 2010 Daiami,
803 1945 948 2016 perscripta
960 1944 983 1998 ei

182 2022 273 2087 mittit,
291 2021 318 2076 in
332 2021 433 2094 quibus
446 2019 533 2078 docet:
554 2037 615 2076 eum
630 2037 727 2094 magno
741 2018 796 2074 iore
808 2019 940 2090 periculo,
961 2017 982 2072 si
1012 2017 1013 2054 i

182 2097 249 2169 qnid
264 2097 309 2153 illo
323 2097 466 2170 imperante
480 2095 506 2152 in
520 2095 640 2170 Aegypto
652 2095 754 2151 adversi
771 2093 918 2148 accidisset.
957 2096 981 2148 t.

182 2173 304 2245 Namque
315 2189 374 2228 aem
384 2189 441 2227 esse
450 2170 667 2229 consuetudinem
681 2169 795 2243 regiam,
811 2175 842 2224 ut
850 2185 929 2224 cesus
939 2168 982 2224 sd-
1012 2167 1013 2226 ἒ

183 2264 272 2301 versos
283 2247 436 2302 hominibus
446 2247 571 2310 tribuent,
577 2244 707 2300 secundos
716 2243 834 2299 fomente
842 2261 919 2299 suae:
932 2260 982 2315 quo
1012 2241 1013 2320 i

185 2320 250 2384 fieri,
262 2328 292 2375 ut
301 2320 376 2374 facile
385 2320 553 2392 impellentur
562 2319 596 2375 nd
605 2337 696 2378 eorum
707 2319 858 2392 perniciem,
869 2335 981 2391 quorum
1012 2323 1013 2380 j

184 2394 321 2449 ducturos
334 2395 403 2449 mele
416 2402 503 2468 gestes
517 2395 683 2450 nuntientur,
721 2393 801 2449 ilium
819 2393 870 2448 hoc
888 2394 981 2450 meiere
1012 2401 1013 2472 t

183 2467 237 2524 iore
248 2468 274 2522 in
286 2467 451 2534 discrimine,
467 2469 554 2542 quod,
569 2469 670 2541 qtribus
684 2487 731 2524 rex
745 2468 863 2524 maxime
871 2469 978 2530 obediet
1012 2477 1013 2540 t

183 2561 227 2600 eos
236 2543 330 2598 haheat
340 2543 546 2610 inimicissimos.
575 2547 602 2600 ὅ.
622 2544 731 2600 Talibus
741 2543 786 2598 ille
795 2543 980 2618 litterisoogni-
1012 2541 1013 2592 t

183 2620 231 2683 tis,
248 2635 335 2690 quum
348 2617 402 2672 ism
416 2617 450 2672 nd
463 2619 606 2674 exercitum
615 2618 687 2674 Acen
700 2619 828 2683 venisset,
845 2619 918 2690 quod
930 2635 979 2673 non
1012 2653 1013 2702 ,

185 2693 335 2766 ignorabat,
351 2707 382 2747 ea
391 2693 570 2766 versscriptn,
586 2691 728 2750 desciscere
741 2711 757 2749 a
770 2709 832 2767 roge
841 2693 978 2749 constituit.
