2058 3234
203 203 230 242 Π

206 305 429 382 conscripserat
451 313 548 364 autem
574 311 691 380 praeter
711 303 788 362 vitas
809 311 930 362 nostras
952 301 1001 379 pri

203 427 285 469 mum
302 408 445 473 Cironium
465 424 568 480 eaque,
587 405 630 463 uti
648 406 751 464 saltem
765 405 892 464 Vossius
910 404 997 464 existi

203 511 303 583 merit,
318 528 372 586 pro
387 507 496 584 triplici
509 515 652 582 tempore,
668 501 759 582 ἇὸἡλῳ,
773 503 879 581 potami
892 514 924 563 et
938 507 1005 562 iuro·

203 609 265 690 ρικῷ
287 611 494 685 adornaverat,
518 625 635 666 omnem
653 607 685 664 in
702 606 738 664 iis
757 605 947 680 antiquorum
967 605 1004 662 hi·

204 713 324 772 storiam
340 719 521 788 persecutus.
557 707 646 784 Quod
663 722 738 784 opus
752 707 845 766 tribus
859 707 945 766 libris
960 709 1002 765 ab

204 817 332 874 solutum
352 813 451 885 fuisse,
468 829 506 870 ex
521 808 630 870 Catulli
647 809 774 869 carmine
791 808 887 886 primo
902 809 1006 868 intuta

203 916 294 993 gitur,
321 934 380 990 quo
404 913 455 974 ille
478 930 595 972 omnem
608 911 822 972 uolleotionem
846 911 1000 969 carminum

204 1034 323 1075 suorum
341 1003 479 1074 Cornelio
496 1013 609 1090 Nepoti
623 1011 749 1072 dedicat.
783 1011 879 1070 Porro
897 1012 998 1070 librum

204 1119 238 1176 de
251 1117 380 1190 Rapitur,
403 1115 485 1174 euius
502 1115 566 1190 ipse
583 1113 666 1174 testis
684 1121 729 1172 est
744 1113 777 1172 in
792 1113 940 1190 principio
959 1132 998 1172 eo·

204 1238 282 1292 rum,
305 1236 381 1292 quae
399 1216 476 1275 etin
489 1215 568 1275 Vitis
587 1215 623 1274 de
638 1214 756 1291 regibus
774 1233 998 1276 commemoran-

203 1329 260 1378 tur.
301 1315 486 1396 Singulorum
505 1317 573 1376 dein
591 1315 756 1392 composuit
771 1316 879 1376 librum
897 1319 933 1377 da
953 1318 997 1376 Co·

204 1432 276 1489 tone,
295 1419 452 1494 Censorio,
470 1419 514 1478 uti
531 1419 638 1495 legitur
653 1418 685 1476 in
701 1418 763 1476 vita
781 1415 917 1493 Catonis,
941 1437 996 1494 oap.

202 1521 263 1596 m,
285 1521 318 1580 in
334 1524 406 1596 fine,
427 1529 534 1598 rogatu
550 1519 654 1579 Attici.
693 1517 995 1581 Commemoranturi

138 1631 141 1634 '
203 1626 238 1682 de
256 1625 415 1689 Historieia,
443 1622 480 1680 de
501 1625 558 1680 vita
581 1621 730 1689 &seronior
756 1620 832 1682 liber
850 1623 954 1696 etiam,
976 1626 997 1679 io

203 1743 265 1801 quo,
285 1719 428 1782 Suetonio
445 1731 530 1796 toste,
547 1725 670 1781 deuouit
686 1723 820 1781 literatum
834 1722 870 1781 oi
885 1724 996 1806 eruditor

204 1824 331 1899 denique
348 1825 495 1900 Eaempla,
515 1833 544 1883 et
560 1825 704 1899 Epistulae
722 1825 761 1884 ad
781 1823 940 1883 OEeuonm.

268 1924 352 1998 Quae
369 1927 450 1983 solae
468 1933 623 2002 supersunt
640 1924 729 1983 hodio
743 1925 842 1998 Vitae,
858 1942 911 1983 aaa
925 1925 995 2000 prin·

204 2027 319 2104 oipiona
337 2026 379 2086 ita
397 2026 441 2085 uti
462 2045 539 2086 nune
558 2016 714 2100 habemns,
735 2025 794 2085 sint
811 2025 994 2102 consumptae,

204 2149 241 2188 an
265 2148 303 2188 ex
327 2128 432 2188 maiori
458 2147 547 2204 opere
572 2128 604 2186 in
627 2129 745 2188 brevius
772 2135 938 2188 eontrautae
965 2127 994 2185 ab

202 2230 331 2288 Aemilio
348 2230 449 2289 Probo
468 2231 596 2306 quodam
617 2231 751 2304 librario,
778 2229 830 2304 qui
852 2237 993 2288 exaratum

202 2330 308 2407 partim
323 2348 385 2405 sua,
398 2330 507 2408 partim
523 2330 625 2389 metris
642 2331 748 2406 avique
762 2349 852 2390 manu
865 2323 992 2390 Vitarum

204 2433 353 2508 exemplar
374 2431 545 2492 Theodosio
566 2433 736 2508 imperatori
758 2433 876 2504 obtulit,
906 2431 992 2490 ouius·

202 2552 260 2610 que
281 2541 431 2610 tamquam
452 2527 562 2591 autoris
583 2552 692 2593 nomen
712 2535 837 2592 antehae
857 2533 890 2590 in
905 2533 992 2591 fronte

201 2634 269 2695 libri
285 2637 438 2712 legebatur
455 2634 535 2710 (nam
552 2635 663 2712 primus
679 2635 827 2711 Nepotem
843 2635 991 2693 Lambinus

202 2737 234 2796 in
256 2735 341 2797 titulo
367 2735 525 2814 reposuit)
553 2737 590 2798 de
612 2739 670 2797 hoo
691 2737 791 2796 variae
812 2736 871 2798 iem
892 2736 990 2797 iudea
