2058 3234
174 215 240 274 vlt.
261 213 507 274 ALCIBIADES.
528 215 611 274 CAP.
631 219 697 276 vlt.
803 223 831 276 34
908 265 911 279 .

26 327 105 402 quod
124 325 205 382 talem
223 325 313 382 virum
332 343 346 381 e
365 327 469 382 eivitete
487 325 660 398 expulissent.
698 329 790 400 Neque
808 327 837 386 id

26 406 89 459 sine
104 419 185 458 censa
196 401 316 457 arbitrari
325 401 492 458 uidebantur.
531 403 599 456 Nem
613 409 753 474 postquam
761 421 836 458 exer-

27 479 96 534 citui
111 493 231 550 praeesse
244 483 373 548 eoeperet,
391 493 477 548 neque
491 483 558 532 terro
572 491 658 550 neque
671 477 739 531 mari
749 477 835 534 hostes
909 541 912 557 ,

27 571 109 627 pares
122 567 181 608 esse
194 557 342 625 potuerant.
381 555 408 607 3.
427 550 477 606 Hio
490 559 547 606 ute
563 551 625 607 naui
644 569 765 626 egressus
785 562 833 620 est,

28 645 200 703 quemquem
213 627 388 682 Theramenes
401 633 426 681 et
439 621 624 700 Thresyhulus
639 627 738 682 eisdem
755 628 835 684 rebus

28 702 213 776 praefuerant,
238 701 373 775 simulque
391 708 516 758 uenerant
534 701 563 756 in
582 702 731 768 Piraeeum,
748 709 835 758 temen

29 793 120 834 unum
135 777 214 832 illum
225 783 319 833 'omnes
328 777 566 850 prosequebantur,
582 783 620 844 et,
637 777 665 832 id
674 779 746 850 qued
756 797 836 834 num-

29 871 117 928 quam
126 860 202 908 antea
212 859 392 918 inurerent,
408 851 461 906 nlsi
471 849 610 926 Olympiae
619 852 777 920 victoribus,
792 869 836 909 oo-

30 929 106 984 renis
116 927 205 983 eureis
214 927 354 1000 aeneisque
364 925 446 1000 vulgo
455 926 611 982 donabatur,
639 927 686 982 Ille
696 928 836 984 lacrimans

29 1003 112 1059 talem
126 1002 335 1058 benevolentiam
347 1001 448 1057 civium
461 1017 572 1056 suorum
586 1002 740 1075 eooipiebet,
756 1019 835 1059 remr-

29 1079 140 1135 niseens
160 1077 266 1149 pristini
284 1077 408 1148 temporis
432 1076 606 1132 acerbitatem.
647 1081 672 1134 t.
692 1080 835 1152 Postquam

30 1163 92 1210 astu
107 1151 194 1217 venit,
210 1152 333 1208 eoneione
342 1150 465 1206 advocata
479 1152 518 1206 sio
532 1151 611 1207 verbe
626 1151 698 1219 lenit,
714 1163 745 1208 ut
758 1171 835 1211 nemo

29 1237 87 1284 tam
96 1226 170 1282 lenm
179 1225 264 1293 luerit,
276 1226 343 1300 quin
352 1227 410 1282 eius
419 1241 511 1282 ossum
521 1225 670 1291 laerimnrit,
682 1227 836 1284 inimicum-

31 1321 86 1378 que
95 1303 141 1358 bis
150 1319 179 1357 se
187 1301 340 1368 ostenderit,
356 1317 471 1375 quorum
485 1318 563 1374 opere
575 1301 660 1374 patrie
673 1303 768 1374 pulsus
777 1303 836 1360 iue-

4 1381 6 1386 '
30 1386 85 1445 ret,
102 1377 214 1451 proinde
222 1393 253 1433 ne
260 1377 283 1432 si
295 1376 364 1432 elius
373 1376 503 1449 populns,
515 1395 569 1433 non
579 1377 623 1432 ille
637 1378 707 1450 ipse,
720 1380 835 1451 quitum

31 1453 126 1520 llebet,
153 1469 215 1508 eum
234 1451 364 1526 sacrilegii
384 1452 543 1508 damnasset.
583 1455 609 1508 e.
629 1453 755 1508 Restitnts
774 1470 835 1528 ergo

31 1529 99 1585 huie
111 1535 176 1584 sunt
188 1527 294 1600 publioe
307 1527 389 1596 bona;
410 1527 545 1600 iidemque
557 1525 597 1582 illi
606 1527 779 1600 Eumolpidas
793 1547 836 1584 ss-

31 1603 149 1660 oerdotes
159 1621 252 1660 rursus
262 1619 390 1659 maerere
403 1609 466 1659 sunt
479 1603 574 1669 ooeeti,
590 1604 638 1676 qui
651 1603 836 1671 conserere

31 1687 106 1749 rant3
127 1677 250 1751 pilaeque
263 1677 336 1744 illas,
358 1679 386 1735 in
400 1678 501 1751 quibus
516 1677 619 1735 derdio
632 1677 716 1734 lueret
728 1679 833 1752 scripta,

32 1757 60 1811 in
70 1768 146 1810 mare
155 1753 344 1826 praecipitatae.

89 1829 148 1886 vn.
168 1825 371 1884 llseodleihiadi
380 1827 475 1884 leetitrn
485 1845 538 1885 non
548 1829 629 1884 nimis
639 1828 689 1886 luit
698 1829 834 1886 diuturna.

32 1907 103 1961 Nem
121 1921 208 1976 quum
221 1903 245 1958 si
259 1919 350 1959 ornnes
367 1911 454 1958 essent
472 1904 583 1960 honores
602 1905 710 1972 decreti,
731 1912 836 1978 totaque

32 1977 184 2052 respublica
194 1978 266 2034 domi
275 1975 392 2052 bellique
400 1979 503 2044 eredita,
516 1985 546 2034 ut
555 1980 636 2036 unius
646 1981 753 2036 arbitrio
762 1997 836 2054 gere·

32 2063 120 2122 retur;
140 2061 165 2109 et
175 2055 231 2126 ipse
239 2051 404 2126 postulasset,
416 2061 445 2109 ut
454 2054 508 2109 duo
516 2054 568 2109 sibi
578 2054 690 2129 oollegse
699 2055 832 2122 darentur,

32 2128 221 2205 Thrasybulus
234 2137 260 2184 et
272 2127 445 2193 Adimantus,
467 2145 553 2201 neque
568 2127 596 2183 id
610 2147 628 2184 n
644 2136 735 2184 oatum
752 2136 832 2184 esset:

32 2206 118 2261 desse
132 2205 186 2259 iem
199 2204 228 2259 in
237 2202 328 2260 Aetam
342 2203 485 2278 protentus,
503 2202 575 2276 quod
589 2221 640 2276 epu
670 2203 771 2278 Cymen
783 2203 836 2258 mi-

32 2299 86 2336 nus
96 2282 330 2336 exseutentierem
344 2286 472 2356 gesserat,
489 2279 517 2334 in
529 2278 657 2334 invidiam
667 2279 767 2334 reeidit.
807 2284 834 2336 2.

32 2355 109 2412 Nihil
124 2357 197 2410 enim
212 2371 273 2410 eum
289 2367 343 2411 non
356 2355 457 2412 effioere
466 2369 542 2427 posse
552 2354 692 2411 duoebsnt.
730 2355 836 2428 Exque

35 2432 126 2496 fiebat,
141 2437 172 2486 ut
185 2429 274 2486 om'nio
288 2431 379 2486 minus
391 2447 514 2504 prospere
527 2437 600 2506 gesto
614 2429 671 2486 eius
684 2429 776 2503 eulpae
789 2431 837 2484 tri-

34 2509 157 2574 buerent,
170 2521 257 2579 quum
268 2525 330 2563 eum
340 2515 385 2562 eut
393 2506 553 2582 negligenter
564 2513 609 2562 eut
618 2505 747 2562 malitiose
760 2505 837 2560 loeis-

33 2601 61 2638 se
73 2581 260 2656 loquerentur:
282 2583 350 2638 siout
363 2589 420 2638 tum
432 2582 534 2638 eooidit.
572 2583 641 2638 Nem
654 2588 835 2653 eorruptume
901 2608 903 2611 ·

33 2673 198 2734 regeoapere
207 2657 310 2733 Cymen
320 2657 438 2713 noluisse
445 2657 598 2731 arguebant.
628 2661 653 2712 3.
673 2659 763 2729 ltaque
772 2653 837 2708 huie

4 2801 5 2806 η
34 2735 286 2817 meximepntamus
295 2732 366 2798 melo
378 2727 461 2794 luisse
472 2731 581 2796 nimiern
597 2731 747 2810 opinionem
761 2729 837 2810 inge·
