2058 3234
234 185 273 243 X.
293 185 397 244 DION.
418 185 501 244 CAP.
521 188 575 244 111.
595 188 647 246 tv.
807 191 840 247 63

35 291 245 360 maritumam
256 303 339 352 totum
349 295 467 352 traderet.
497 298 589 370 Neque
598 313 660 352 vero
668 295 759 352 minus
770 297 841 354 Plato

37 371 182 426 delectatus
192 380 231 426 est
239 372 331 428 Dione.
369 373 715 445 ltaquequumaliionysio
728 372 842 428 erudeli-

36 453 76 500 ter
86 445 202 502 violatus
209 452 285 511 osset,
297 445 397 518 quippe
406 463 486 518 quem
497 447 652 502 venumdari
664 447 791 510 iussisset,
803 456 842 502 ta-

36 539 100 578 men
115 520 207 576 eodem
221 520 311 586 rediit,
330 521 448 576 eiusdem
462 519 552 576 Dionis
566 521 688 592 precihus
700 521 839 577 adduotus.

37 599 63 654 l.
85 596 196 652 Interim
210 595 240 650 in
253 595 376 652 morbum
391 595 483 651 inoidit
492 596 644 668 Dionysius.
682 594 741 662 Quo
754 613 841 667 quum

37 671 116 746 gravi
124 669 329 736 condideretur,
341 671 472 742 quaesivit
481 688 496 724 a
506 669 616 725 medicis
626 669 701 734 Dion,
712 671 842 741 quemad-

39 745 151 802 modum
163 762 192 800 sa
200 744 319 814 haberet,
339 744 475 817 simulque
484 745 517 799 ab
528 745 570 799 his
580 744 666 817 petiit,
678 745 701 798 si
712 744 775 799 torte
784 763 842 800 ma·

39 821 89 876 iori
98 829 169 874 osset
178 813 308 892 periculo,
319 827 350 874 ut
359 820 412 874 sihi
420 819 573 876 faterentur:
594 837 657 874 uam
667 819 841 875 velleseoum

38 913 67 952 eo
77 895 197 966 colloqui
207 896 240 950 de
247 893 383 966 partiendo
392 911 486 968 regum
507 893 580 966 quod
589 893 686 951 sororis
699 895 842 950 suaesrlioe

38 989 70 1027 ex
81 969 130 1025 illo
141 977 215 1026 natos
223 977 323 1042 partem
334 969 524 1042 regni-putabat
533 969 627 1024 debere
636 968 741 1024 hahere.
769 973 796 1024 ὅ.
812 969 843 1026 ld

38 1045 138 1101 medici
152 1061 206 1100 non
221 1051 369 1108 tacuerunt,
385 1050 410 1097 et
423 1043 457 1098 ad
470 1043 628 1118 Dionysium
643 1043 729 1098 filium
742 1061 843 1099 sermo-

38 1138 104 1176 nem
118 1117 274 1174 retulerunt.
312 1117 371 1185 Quo
385 1117 430 1172 ille
443 1125 603 1183 oommotus,
619 1135 653 1172 ne
666 1118 762 1190 agendi
775 1126 843 1174 esset
922 1148 924 1152 -

38 1194 119 1252 Dioni
128 1200 250 1266 potestas,
261 1192 329 1264 patri
339 1209 458 1264 soporem
467 1191 582 1248 medioos
591 1191 653 1247 dare
662 1193 756 1264 ooegit.
789 1194 843 1250 Hoo

39 1287 119 1346 aeger
127 1276 225 1334 sumto,
236 1284 330 1322 somno
338 1267 440 1340 sopitus
450 1266 524 1328 diem
530 1266 596 1322 obiit
605 1283 771 1339 supremum.

95 1345 143 1400 111.
164 1342 226 1398 Tale
239 1342 347 1398 initium
360 1341 411 1398 luit
420 1341 510 1398 Dionis
524 1348 549 1396 et
559 1340 678 1414 Dionysii
689 1340 840 1407 simultatis,

39 1436 126 1492 aeque
139 1417 231 1474 multis
244 1417 324 1474 rebus
337 1424 412 1472 aucta
425 1423 474 1472 est.
512 1415 563 1472 Sed
578 1424 664 1470 tamen
674 1415 767 1488 primis
777 1423 843 1470 tem-

39 1494 153 1568 poribus
163 1490 328 1564 aliquamdiu
340 1490 464 1548 simulata
478 1490 545 1546 inter
554 1507 598 1546 eos
611 1488 725 1552 amicitie
734 1490 842 1546 mansit.

41 1570 188 1639 Quumque
195 1567 262 1623 Dion
272 1583 325 1622 non
335 1566 469 1622 desisteret
481 1567 616 1622 obsecrare
625 1563 796 1639 Dionysium,
813 1572 844 1622 ut

41 1643 178 1700 Platonem
187 1641 297 1697 Athenis
306 1648 456 1708 aroesssret‚
472 1648 497 1696 et
511 1641 569 1696 eius
582 1638 700 1696 oonsiliis
713 1646 842 1697 uteretur:

41 1718 101 1784 ille,
117 1717 167 1790 qui
182 1715 210 1772 in
224 1715 314 1788 aliqua
327 1733 356 1772 ro
369 1715 447 1774 vellet
459 1722 559 1787 patrem
577 1715 689 1781 imitari,
704 1731 805 1770 morem
819 1715 845 1772 ei

59 1793 135 1850 essit.
174 1794 201 1849 2.
224 1791 377 1864 Eodemque
394 1797 509 1863 tempore
527 1789 669 1846 Philistum
688 1789 844 1846 historicum

41 1813 189 1944 §yramrsas
197 1865 315 1930 reduxit,
327 1865 462 1922 hominem
471 1865 587 1921 amioum
597 1883 650 1922 non
658 1866 744 1940 magis
754 1873 845 1940 tyran-

42 1961 91 2010 no,
107 1958 191 2015 quam
205 1941 336 2016 tyrannis.
374 1940 425 1996 Sed
438 1940 471 1996 de
485 1941 535 1996 hoo
548 1941 681 1996 ineomeo
690 1940 758 1996 lihro
767 1940 845 2011 plura

43 2025 107 2074 sunt
116 2015 243 2088 exposita,
250 2015 299 2088 qui
307 2015 340 2070 de
347 2015 478 2072 historiola
485 2013 611 2100 [Graecis]
621 2015 784 2085 oonsoriptus
793 2021 842 2070 est.

43 2098 70 2150 3.
90 2092 165 2148 Plato
174 2097 262 2146 autem
272 2097 373 2146 tautum
383 2089 455 2163 apud
463 2089 621 2164 Dionysium
635 2089 784 2144 auctoritate
797 2104 845 2160 po-

43 2169 94 2224 tuit
104 2165 241 2238 valuitque
254 2164 414 2238 eloquentia,
430 2172 460 2221 ut
470 2161 496 2220 ei
511 2163 680 2238 persuaserit,
696 2163 845 2249 tyrannidis

42 2241 227 2306 iaoerefinem,
239 2239 436 2312 libertatemque
445 2237 551 2294 reddere
560 2239 745 2314 Syracusanis:
766 2256 845 2311 aqua

43 2317 179 2374 voluntate
191 2313 297 2372 Philisti
309 2313 420 2374 oonsilio
432 2314 583 2382 deterritus,
603 2313 738 2387 aliquanto
751 2315 846 2370 erude-

44 2393 94 2450 lior
103 2409 161 2448 esse
171 2391 263 2464 eoepit.

98 2468 145 2524 IV.
166 2466 219 2534 Qui
232 2465 341 2539 quidem
355 2483 440 2540 quum
455 2465 563 2522 aDione
576 2483 605 2521 se
618 2465 737 2539 superari
746 2465 846 2522 videret

45 2542 167 2618 ingenio,
178 2542 341 2608 auctoritate,
352 2559 440 2596 amore
449 2541 555 2614 populi,
566 2559 673 2607 verens,
685 2559 732 2607 ne,
748 2541 770 2594 si
783 2557 845 2596 eum

45 2615 384 2690 seoumhoberot,aliquam
393 2616 555 2675 oooasionam
564 2615 846 2687 suidaratopprimen-

37 2694 86 2764 di,
98 2710 196 2764 navem
206 2692 230 2749 ei
240 2692 372 2750 triremem
381 2691 466 2760 dedit,
478 2709 532 2766 qua
541 2691 698 2750 Corinthum
706 2688 847 2748 devehere-
