2054 3232
186 167 234 223 rso
347 163 445 224 xxv.
464 134 645 222 terreus.
666 162 750 220 cnr.
770 161 825 218 xr.

182 273 216 338 ei,
230 269 278 327 sed
289 272 415 328 omuibus
427 274 507 330 etiarm
519 274 577 330 eius
589 273 683 328 amieis
694 280 763 328 meet
774 271 913 337 inimimrs,
930 285 990 326 eos-

182 363 237 420 que
248 343 327 402 vellet
338 348 509 420 prosu-ibere,
523 347 617 404 multis
628 347 795 404 hortantibus
806 353 898 400 tamen
910 344 987 400 Asioi

183 437 286 476 mernor
297 421 349 478 fuit
360 421 450 489 olliefi,
464 417 491 479 'et
501 423 536 489 ei,
547 439 635 496 quum
646 422 811 495 requisisset,
822 421 939 476 ubinam
947 437 986 475 es-

183 503 231 562 set,
244 513 294 562 ura
307 513 390 553 manu
402 497 517 570 scripsit,
532 515 566 554 ne
578 497 690 562 timeret,
704 497 847 568 suumque
859 495 896 551 ad
905 511 935 550 se
944 513 986 550 ve·
1006 495 1008 510 ¹

183 571 264 627 niret:
278 589 309 626 se
319 589 392 639 eum,
405 571 514 628 stillius
522 569 758 648 armamentum]
769 569 875 627 Canum
885 570 987 642 depro-

183 646 463 718 eoriptorumnumem
471 649 612 704 exemisse.
637 646 685 714 Ao,
697 645 812 719 ueqrmd
822 643 873 720 [in]
885 646 986 717 porinu-
1008 689 1009 692 ,

183 719 242 776 lum
255 720 389 788 inuideret,
403 722 477 795 quod
489 731 569 779 noetu
582 723 670 788 fiebat,
689 720 853 795 praesidinm
864 721 891 775 ei
903 721 985 774 misit.
1009 732 1010 800 l

183 797 211 852 o.
230 793 276 852 Sic
291 795 393 854 Atticus
411 797 440 854 in
455 815 564 854 summo
578 798 672 854 timore
688 814 742 852 non
758 794 848 852 solum
863 795 929 859 sibi,
943 793 1010 864 sed,

183 869 263 926 etiarn
284 871 318 936 ei,
342 889 424 943 quem
442 873 611 928 carissimum
633 871 757 936 habebat,
776 869 912 942 praesidio
927 867 986 923 fuit.

183 945 277 1017 Neque
287 945 360 1000 euim
372 964 437 1002 suae
448 947 537 1003 solum
546 965 561 1003 a
571 965 709 1020 quoquam
718 945 852 1002 auxilium
862 944 990 1017 petiitsa-
1010 948 1011 1004 ἲ

183 1018 257 1083 lutis,
271 1017 319 1074 sed
330 1021 509 1078 eouiunntim:
523 1030 554 1078 ut
565 1030 709 1094 appareret,
724 1019 828 1076 nullam
839 1019 988 1076 seiunctam
1010 1031 1011 1056 ¹

183 1092 236 1148 sibi
248 1093 282 1148 ab
294 1111 325 1150 eo
337 1094 405 1152 velle
414 1096 557 1154 fortunam.
592 1101 619 1152 6.
633 1095 733 1164 Quodsi
742 1095 907 1170 gubernator
915 1111 989 1166 prae·
1011 1164 1012 1170 ἵ

183 1167 262 1240 cipue
280 1167 359 1226 laude
375 1171 466 1238 fertur,
480 1172 529 1245 qui
542 1189 639 1228 navem
650 1189 685 1228 ex
697 1171 786 1226 hieme
797 1170 922 1241 marique
933 1186 990 1224 soe·
1011 1173 1012 1190 ³

184 1242 278 1316 puloso
298 1255 399 1303 servat:
431 1265 479 1303 our
501 1265 554 1303 non
576 1245 722 1320 singularis
742 1245 801 1302 eius
821 1245 990 1300 existimetur

184 1317 333 1392 prudentia,
368 1323 396 1377 ui
409 1340 443 1378 ex
456 1329 492 1377 tot
503 1329 612 1394 tamque
623 1321 753 1395 gravibus
765 1318 890 1393 praealtis
903 1317 991 1374 oivili-

185 1393 239 1450 bue
250 1391 285 1449 ad
298 1339 504 1453 inetllumitatem
517 1394 655 1469 perveniet

240 1467 989 1541 XLQuibusexmalisutseemerseratmibilaliudegit,

185 1561 269 1618 quarn
285 1551 316 1600 ut
327 1545 461 1618 plurimis,
480 1547 581 1619 quibus
593 1546 674 1602 rebus
686 1551 782 1617 posset,
796 1551 867 1600 esset
877 1543 990 1600 auxilio.

185 1619 277 1687 Quum
293 1622 451 1694 proscriptos
468 1621 593 1693 praemiis
610 1621 797 1692 imperatorum
810 1617 913 1693 vulgus
930 1635 991 1672 oon·

150 1744 160 1758 .
186 1694 311 1766 quiesset,
326 1713 403 1752 nemo
416 1697 444 1752 in
457 1695 570 1768 Epirum
583 1695 664 1760 venit,
683 1695 727 1750 oui
740 1711 782 1750 nes
794 1692 851 1749 ulla
862 1691 988 1760 deluerit;

186 1769 289 1824 nomini
311 1788 364 1826 non
389 1772 426 1826 ibi
444 1779 569 1843 perpetuo
587 1768 712 1826 manendi
730 1775 844 1840 potestas
861 1767 930 1824 laeta
943 1775 989 1822 est.

163 1906 166 1915 Ι
186 1845 214 1899 2.
234 1841 287 1908 Qui
304 1845 383 1899 etiam
399 1854 458 1917 post
474 1845 606 1916 proelium
618 1843 788 1916 Philippense
800 1843 991 1914 interitumque

188 1915 220 1973 C.
234 1915 318 1972 Cassii
331 1927 356 1972 et
368 1921 405 1974 bl.
418 1920 492 1974 Bruti
505 1921 537 1975 L.
552 1919 651 1976 lulium
664 1917 806 1984 Monillam,
817 1917 989 1990 praetorium,

187 1990 282 2047 eteius
295 1991 391 2060 lilium,
405 1993 560 2066 Aulumque
572 1995 747 2066 Torquatum,
765 2001 919 2064 aeterneque
935 1990 991 2063 pari

187 2065 291 2123 fortune
308 2067 451 2141 perculsos,
470 2069 613 2125 instituerit
625 2067 702 2133 tueri,
716 2075 795 2140 atqua
807 2084 841 2122 ex
853 2067 938 2139 Epiro
950 2066 991 2120 his

188 2143 278 2198 omnia
290 2144 496 2200 Samothraciam
514 2143 664 2216 supportari
682 2143 798 2198 iusserit.
838 2146 865 2196 3.
880 2139 992 2196 Difficile

189 2225 236 2282 est,
251 2219 340 2275 omnia
353 2219 486 2293 persequi,
498 2226 523 2274 et
533 2235 586 2275 non
597 2217 784 2274 neoessarium.
824 2215 897 2270 Illud
905 2232 991 2271 unum

189 2290 302 2364 intelligi
320 2293 456 2359 volumus,
474 2292 548 2348 illius
567 2291 750 2348 liberalitatem
762 2307 849 2364 neque
862 2297 992 2362 tempora-

189 2363 267 2427 riam,
283 2383 368 2439 nequa
380 2367 503 2424 oollidam
516 2367 609 2424 luisse.
648 2370 674 2422 l.
695 2367 727 2422 ld
742 2383 776 2422 ex
789 2366 856 2436 ipsis
869 2365 951 2420 rebus
963 2380 992 2418 ao

189 2440 352 2509 temporibus
374 2443 485 2498 iudicari
507 2449 600 2514 potest,
623 2440 697 2514 quod
718 2457 771 2496 non
793 2440 949 2496 florentibus
965 2455 992 2492 se

190 2512 345 2580 venditavit,
363 2517 411 2572 sed
427 2515 530 2572 afflictis
546 2535 650 2589 semper
661 2515 805 2571 euoeurrit:
819 2515 869 2587 qui
881 2513 990 2586 quidem

190 2587 340 2654 Serviliam,
351 2591 424 2644 Bruti
435 2599 554 2656 matrem,
570 2609 623 2646 non
634 2591 724 2646 minus
733 2597 912 2662 postmortem
924 2589 988 2652 eius,

191 2677 274 2734 quam
290 2681 321 2720 eo
336 2662 455 2730 florente,
473 2663 591 2720 noluerit.
630 2669 658 2720 e.
672 2664 717 2721 Sio
732 2662 888 2720 liberalitate
903 2671 989 2730 utens,
