2058 3234
230 201 311 261 XIV.
332 201 527 260 carthus.
547 202 631 260 CAP.
651 204 674 261 1.
822 206 856 260 55

44 317 133 377 aeret,
150 328 203 368 nou
217 311 305 368 solum
314 313 393 368 amici
403 313 552 384 privatique
561 311 677 384 hospites
691 311 725 366 ad
738 329 801 366 eom
810 311 856 367 de-

44 385 214 442 fendendum
224 395 415 454 convenerunt,
431 387 479 442 sed
487 387 567 442 etiam
576 387 605 442 in
615 387 654 442 eis
664 388 754 452 lason,
766 394 857 460 tyran-

45 479 103 518 nus
114 461 281 526 Thessaliae,
295 463 343 534 qui
355 461 400 518 illo
409 470 525 534 tempore
535 461 584 516 tuit
595 461 718 518 omnium
731 463 857 532 potentis-

45 538 150 593 simus.
189 539 215 592 3.
235 537 285 592 ilic
297 554 384 608 quum
398 539 427 592 in
441 537 525 608 patria
539 537 597 592 sine
610 536 766 592 satellitibus
777 553 805 590 se
815 543 857 590 tu-

46 620 110 668 tum
120 627 175 666 non
185 611 362 677 arbitraretur,
374 613 490 668 Athenas
499 612 557 666 eine
567 610 623 666 ullo
633 609 763 682 praesidio
773 611 854 675 venit,

44 685 173 758 tantique
182 686 312 757 hospitem
326 684 397 752 iecit,
413 693 443 742 ut
458 685 546 742 mallet
560 703 588 742 ea
601 686 694 757 eapitis
709 685 857 758 periculam

46 761 135 826 adire,
147 777 230 834 quam
240 761 497 818 Timothaodcfama
505 761 643 816 dimicanti
653 761 751 816 deesse.
781 761 858 814 Hunc

47 837 182 892 adversus
196 843 283 890 tamen
293 836 448 892 Timotheus
460 844 549 908 postea
563 835 655 908 populi
671 836 745 890 iussu
756 833 857 889 bellum

46 912 148 984 gessit,
164 911 315 984 patriaeque
328 911 457 968 sanctiora
470 911 544 976 iura,
565 929 647 983 quam
663 909 783 981 hospitii,
800 925 858 979 essa
879 951 880 961 ,

46 985 142 1042 duxit.
182 987 207 1040 l.
228 984 482 1042 llaecextremaluit
495 993 565 1041 aetas
580 985 768 1057 imperatorum
778 983 858 1039 Athe-

47 1061 202 1126 niensium,
218 1061 369 1132 Iphicratis,
380 1059 523 1126 Chabriae,
538 1061 682 1116 Timothei:
705 1065 858 1132 aequepoet

48 1135 163 1192 illorum
175 1135 278 1190 obitum
292 1135 439 1208 quisquam
453 1135 510 1191 dun
524 1135 553 1190 in
567 1135 612 1190 illa
623 1135 689 1190 urbe
698 1133 748 1190 luit
757 1129 857 1208 dignus

48 1227 191 1267 memoria.

3 1395 4 1398 Ἴ
49 1339 859 1379 ΜΜΝΜΜΦΦΝΜΜἊΜΜΜΜΜΜΦ

402 1453 507 1506 xlv·

259 1549 616 1616 'DATAMES

398 1691 467 1748 Car.
489 1693 510 1746 l.

109 1799 204 1862 'Venio
213 1823 286 1864 nuno
299 1807 332 1862 al
343 1807 516 1880 leuissimum
527 1807 614 1862 virum
624 1808 789 1879 maximique
797 1823 859 1864 oon·

52 1884 108 1942 silii
122 1883 244 1939 omnium
262 1883 448 1948 barbarorum,
470 1883 584 1953 exceptis
604 1882 708 1938 duobus
722 1883 860 1956 Carthagi-

53 1959 203 2022 niensibus,
216 1957 361 2013 Hamilcare
370 1966 395 2012 et
406 1956 560 2014 Hannibale.
589 1961 617 2014 2.
631 1959 667 2012 De
676 1975 731 2030 quo
740 1957 790 2012 hoc
799 1957 859 2028 plu-

53 2053 83 2090 ra
94 2033 252 2098 referamne,
268 2033 342 2105 quod
354 2040 379 2086 et
392 2032 542 2088 obscuriora
552 2033 682 2088 suntelus
692 2040 763 2104 gesta
774 2031 860 2102 plera-

55 2127 118 2182 que,
130 2117 155 2164 ct
164 2126 203 2173 ea,
215 2119 284 2179 quae
293 2123 415 2178 prospere
423 2108 446 2162 ei
458 2114 601 2172 cesserunt,
613 2123 666 2161 non
677 2105 860 2178 magnitudine

54 2185 202 2256 copiarum,
213 2182 259 2236 sed
268 2183 382 2246 consilii,
393 2200 448 2256 quo
458 2189 515 2236 tum
525 2199 617 2236 omnes
626 2179 780 2252 superabat,
792 2181 860 2236 acci-

53 2260 165 2316 tlerunt:
187 2273 302 2328 quorum
313 2257 365 2312 nisi
376 2257 440 2312 ratio
449 2255 577 2329 explicata
586 2254 673 2322 fuerit,
685 2272 727 2310 res
736 2271 860 2328 apparere
958 2269 963 2274 ·

55 2353 110 2390 non
125 2341 256 2404 poterunt.
296 2335 322 2386 3.
342 2333 476 2398 Datames,
492 2339 565 2403 patre
579 2330 739 2397 Comissare,
756 2332 860 2388 natione

55 2409 135 2474 Care,
152 2413 235 2464 matre
244 2405 380 2482 Scythissa
391 2414 481 2472 natue,
493 2406 611 2478 primum
621 2405 738 2462 militum
749 2412 860 2462 numero

54 2483 106 2541 tuit
120 2481 192 2554 apud
205 2481 390 2547 Artaxerxem,
406 2498 511 2547 eorum,
531 2481 579 2554 qui
593 2483 693 2556 regiam
707 2481 858 2538 tuebantur.

3 2613 4 2618 ,
54 2559 130 2615 Pater
143 2557 202 2613 eius
216 2555 390 2622 Comissaree,
410 2555 483 2628 qnod
496 2563 522 2610 et
539 2574 621 2614 manu
639 2555 727 2620 fortis,
748 2564 774 2610 et
791 2554 860 2609 bello

55 2643 191 2698 strenuus,
198 2639 223 2687 et
232 2631 289 2705 regi
299 2631 391 2686 multis
401 2629 464 2686 locis
475 2630 560 2686 fidelis
569 2639 625 2686 erat
634 2639 760 2702 repertus,
767 2629 861 2684 habuit

3 2757 4 2762 ,
55 2708 221 2784 prouinciam
234 2713 336 2779 partem
349 2705 456 2764 Ciliciae
470 2705 544 2762 iuxta
556 2705 762 2784 Cappadociam,
777 2719 861 2776 quam
