2058 3234
189 187 206 242 6
369 185 391 240 l.
410 182 631 242 MILTIADES.
651 182 735 241 CAP.
753 183 801 244 Vl.

189 292 340 365 cupiditate.
370 296 397 350 2.
416 292 475 360 Quo
487 293 585 349 laetum
594 300 641 359 est,
653 292 762 366 utplus,
774 310 854 366 quam
864 291 992 368 eollegae,

189 369 319 430 Miltiades
330 366 451 424 veluerit.
484 369 550 423 Eius
560 385 622 444 ergo
631 369 780 423 auctoritate
790 367 899 439 impulsi
908 369 997 426 Athe-

189 444 294 500 nienses
303 443 390 515 copias
400 460 432 497 ex
442 443 509 497 urbe
516 443 673 508 eduxerunt,
685 443 793 515 locoque
803 443 896 498 idoneo
905 453 996 501 castra

189 517 316 574 lecerunt.
354 521 381 574 3.
401 517 500 572 Deinde
508 527 610 590 postero
618 518 662 574 die
670 519 722 572 sub
732 517 829 574 montis
843 517 993 586 radicibuS,

98 607 105 632 ¹
189 591 531 666 aoieeregioneinstructe,
548 611 615 649 nove
625 601 691 659 erte,
707 593 734 648 vi
744 593 994 664 summeproelium

189 667 388 723 eommiserunt.
420 667 542 740 Namque
550 669 656 723 arbores
666 667 758 722 multis
768 667 831 722 locis
840 675 915 722 erant
923 677 996 726 stra·

189 750 242 807 tue,
261 743 311 797 hoe
325 740 448 808 oonsilio,
465 750 495 798 ut
508 750 534 797 et
544 743 674 798 montium
684 741 991 817 tegerentureltitudine,

189 826 215 873 et
229 817 352 872 arborum
367 824 450 871 tractu
469 817 602 890 equitatus
619 817 735 873 hostium
752 816 936 890 impediretur,
957 837 995 874 ne

190 891 360 948 multitudine
373 890 565 948 clauderentur.
604 895 630 948 t.
649 893 735 958 Datis,
751 891 798 946 etsi
811 909 863 946 non
873 910 993 964 aequum

190 966 278 1022 locum
291 966 397 1022 videbat
410 967 480 1032 suis,
501 973 602 1032 temen,
623 966 704 1022 fretus
723 984 834 1022 numero
853 968 993 1039 copiarum

189 1049 309 1106 suerum,
319 1040 457 1115 oontligere
466 1043 599 1114 cupiebat:
611 1058 694 1114 eoque
702 1042 797 1116 magis,
807 1042 889 1114 quod,
900 1043 994 1114 prius-

190 1133 272 1190 quam
286 1115 483 1171 Lacedaemonii
496 1117 616 1172 subsidio
634 1117 767 1184 venirent,
783 1117 912 1173 dimicare
925 1118 992 1176 utile

190 1191 374 1248 arbitrabatur.
412 1192 502 1264 ltaque
516 1193 640 1248 inuelem
649 1192 768 1264 peditum
777 1200 898 1258 eentum,
913 1195 992 1266 equi-

190 1273 248 1321 lum
268 1265 358 1320 deoem
376 1265 460 1320 millia
477 1267 615 1338 produxit,
645 1267 828 1340 proeliumque
846 1269 990 1324 commisit.

191 1345 217 1397 ὃ.
238 1343 267 1396 ln
283 1358 337 1413 quo
351 1348 421 1398 tanto
429 1340 490 1414 plus
500 1342 596 1398 virtute
609 1342 749 1397 valuerunt
758 1342 946 1408 Athenienses,
963 1351 992 1400 ut

190 1415 376 1488 deeemplioem
389 1434 531 1472 numerum
546 1417 663 1473 huetium
675 1416 851 1492 pmllignrint3
872 1417 992 1490 adeoque

189 1499 392 1564 perterruerunt,
404 1500 433 1546 ut
443 1493 534 1548 Persae
544 1511 596 1548 non
607 1500 698 1558 eastra,
710 1493 757 1547 sed
767 1509 848 1547 naves
857 1492 989 1564 petierint.

190 1565 248 1634 Qua
263 1585 353 1640 pugna
368 1566 434 1621 nibil
448 1567 536 1622 adhuc
549 1577 587 1623 eet
601 1567 727 1622 nobilius.
767 1566 846 1622 Nulla
854 1567 929 1622 enim
940 1585 992 1625 un·

190 1659 272 1714 quarn
283 1649 335 1696 tam
345 1642 442 1715 exigua
452 1659 547 1696 manus
558 1649 641 1697 tantas
649 1659 712 1714 opee
722 1642 871 1714 pmstravit.

246 1717 290 1772 Vl.
311 1716 394 1772 Cuius
413 1716 534 1771 victoriae
558 1733 610 1782 non
628 1716 745 1772 alienum
765 1717 882 1783 videtur,
911 1718 991 1791 quale

190 1791 337 1863 praemium
347 1789 456 1845 Miltiadi
467 1791 501 1846 sit
510 1791 648 1858 tributum,
660 1791 760 1858 dooere,
771 1810 826 1865 quo
834 1791 939 1848 facilius
950 1795 991 1850 in-

190 1865 272 1938 telligi
283 1865 378 1937 possit,
393 1865 502 1922 eandem
515 1867 636 1923 omnium
645 1866 781 1923 civitatum
789 1885 847 1923 esse
856 1875 988 1924 naturam.

190 1943 217 1998 2.
238 1941 271 1996 Vt
280 1941 351 1995 enim
362 1939 453 2012 populi
463 1941 544 1996 nostri
555 1942 666 1999 bonores
675 1942 811 2015 quondam
819 1942 927 1998 luerunt
937 1943 989 1999 rari

190 2023 215 2070 et
234 2022 338 2082 tenues,
359 2015 393 2070 ob
413 2033 524 2088 eamque
541 2033 649 2072 oausam
668 2018 788 2092 gloriosi3
810 2035 883 2074 nuno
901 2029 989 2074 autem

190 2090 265 2146 ellusi
280 2099 360 2164 atque
371 2090 493 2147 obsoleti:
514 2093 554 2147 sie
565 2092 629 2147 olim
644 2093 716 2165 epud
725 2094 897 2150 Athenienses
907 2093 989 2150 luisse

190 2167 346 2238 reperimus.
385 2169 412 2221 3.
432 2168 553 2240 Namque
562 2167 755 2234 nutabundi,
766 2169 814 2241 qui
824 2168 940 2224 Athenas
952 2180 989 2225 ιο-

190 2247 297 2312 tamque
307 2241 442 2295 Grneoiam
458 2241 591 2309 liberarat,
608 2242 667 2298 talis
681 2244 765 2300 bonos
779 2245 893 2300 tributus
906 2254 946 2299 est
961 2245 988 2300 in

190 2316 305 2387 porticu,
317 2333 386 2388 quae
393 2319 503 2388 Ποικίλη
513 2326 628 2384 vocatur,
640 2336 725 2391 quum
735 2337 825 2394 pugne
835 2319 988 2393 depingere-

190 2397 234 2444 lur
244 2389 416 2456 Marathonia,
432 2392 502 2447 utin
516 2392 606 2448 decem
620 2403 768 2466 praetorum
785 2413 893 2449 nurnero
902 2395 988 2466 prime

190 2463 247 2518 eius
256 2464 342 2538 imago
349 2473 494 2536 poneretur,
502 2466 988 2542 isquehortereturmilites‚proelium-

190 2556 243 2611 que
251 2541 430 2596 oommitteret.
452 2544 477 2597 l.
488 2542 560 2598 Idem
568 2543 611 2598 ille
621 2543 744 2616 populus,
755 2553 924 2617 posteaquam
932 2563 986 2600 me·

190 2614 233 2670 iue
240 2614 380 2688 imperium
389 2624 428 2672 eet
438 2625 538 2684 nactus,
545 2626 569 2673 et
577 2617 713 2694 largitione
722 2620 924 2694 magistratuum
932 2638 987 2676 onr-

189 2702 284 2764 ruptus
293 2699 340 2760 est,
353 2701 477 2750 trecentas
486 2701 584 2750 statues
594 2695 722 2752 Demetrio
732 2694 855 2758 Phalereo
863 2695 985 2754 decrerit.
