2054 3232
216 176 322 279 uxn.¹
336 175 552 277 annicula.
573 219 656 280 cla.
676 225 698 279 1.
825 229 857 281 ee

43 331 132 386 terire
144 330 319 388 Hamilcarem
335 337 361 386 et
373 329 561 396 Hannibalem,
580 347 648 402 quos
664 337 690 386 et
702 331 786 386 animi
799 349 858 388 ma·

42 405 197 490 gnitudine
212 414 238 461 et
254 405 502 462 calliditatecmnes
519 405 548 459 in
559 403 647 460 hirica
661 413 737 460 netes
748 407 858 477 praesti-

44 487 118 534 usse
130 487 241 536 canstat

42 609 857 648 &mmmmm

388 720 517 774 xxn.

279 822 632 884 flamineam

398 957 468 1016 Car.
489 960 510 1016 1.

106 1063 291 1142 Hieracis,
302 1075 489 1130 Bassianus
500 1093 613 1142 sacrus,
628 1076 855 1150 mgnomineBar-

46 1167 112 1215 eae,
129 1149 366 1224 Carthaginiensis,
384 1149 471 1221 primo
482 1151 592 1205 Poenico
603 1150 683 1216 bello,
696 1151 744 1206 sed
754 1159 856 1224 tempo-

44 1225 131 1282 ribus
140 1222 422 1290 extremis,admcdum
432 1222 771 1280 adnlesaentulueinSicilia
780 1243 856 1298 prae-

45 1314 111 1354 esse
128 1299 212 1370 coepit
227 1297 363 1354 exercitui.
402 1301 429 1355 2.
449 1296 539 1366 Quum
555 1306 615 1354 ante
630 1299 689 1354 eius
711 1299 855 1356 adventum

45 1380 74 1428 et
87 1373 159 1427 mari
171 1379 196 1427 et
207 1380 274 1428 terra
286 1372 355 1428 male
367 1389 409 1427 res
420 1380 572 1446 gererentur
584 1373 852 1447 Carthaginiensium,

45 1447 124 1518 ipse,
143 1447 191 1501 ubi
208 1447 294 1513 affuit,
317 1463 467 1518 numquam
483 1447 551 1503 hosti
568 1449 646 1502 cessit
663 1465 750 1519 neque
766 1447 854 1504 locum

45 1520 165 1576 nocendi
177 1521 262 1590 dedit;
283 1537 413 1594 saepeque
424 1538 439 1575 e
450 1521 579 1577 contrario
593 1523 728 1578 occasione
744 1521 804 1576 data
816 1521 855 1578 la·

44 1595 172 1659 cessivit,
200 1603 357 1668 semperque
382 1596 502 1666 superior
529 1596 657 1652 dismesit.
696 1595 756 1662 Quo
776 1595 851 1662 iacta,

44 1685 139 1741 quum
156 1685 243 1740 paene·
259 1669 348 1724 omnia
370 1669 399 1724 in
414 1669 504 1725 Sicilia
521 1671 600 1726 Poeni
622 1671 785 1738 amisissent,
808 1671 854 1726 ille

44 1743 167 1817 Erycem
179 1743 218 1798 sic
229 1741 353 1808 defendit,
366 1750 396 1798 ut
407 1743 509 1799 bellum
521 1761 552 1800 ec
564 1745 619 1801 loco
631 1753 736 1820 gestum
749 1763 804 1802 nen
812 1746 854 1800 vi-

42 1817 167 1872 deretur.
206 1821 231 1872 3.
253 1817 360 1872 Interim
373 1817 614 1892 Carthaginienses,
633 1819 715 1876 classe
727 1821 799 1893 apud
812 1821 854 1876 in·

44 1891 125 1945 sulas
137 1889 247 1963 Aegates
264 1891 323 1947 aC.
337 1892 453 1958 Lutatio,
472 1893 579 1949 consule
594 1895 787 1962 Romanorum,
806 1913 853 1951 su-

44 1962 144 2036 perati,
159 1973 305 2020 statuerunt
316 1965 380 2020 belli
393 1966 473 2022 finem
486 1966 578 2034 iacere,
589 1986 701 2040 eamque
713 1986 770 2024 rem
782 1969 853 2025 arbi·
868 1970 872 1984 '

45 2039 101 2093 trio
119 2040 297 2110 permiserunt
312 2039 477 2096 Hamilcaris.
515 2041 575 2106 Ille,
594 2043 642 2096 etsi
658 2041 785 2114 flagrabat
795 2042 853 2098 bel-

40 2109 125 2167 landi
138 2113 288 2184 cupiditate,
302 2121 389 2169 tamen
401 2115 460 2186 paci
472 2115 640 2170 serviendum
654 2117 764 2186 putavit,
779 2115 852 2188 qued

45 2187 164 2258 patriam
177 2187 331 2242 exhaustam
343 2189 477 2244 sumtibus
494 2188 596 2243 diutius
612 2189 770 2244 calamitates
787 2189 852 2245 belli

45 2261 118 2315 serre
132 2277 184 2315 non
196 2279 273 2332 pesse
285 2261 458 2336 intelligebat:
479 2265 505 2318 i.
519 2262 566 2318 sed
576 2263 619 2329 ita,
630 2269 660 2318 ut
668 2265 757 2318 statim
765 2273 852 2320 mente

43 2335 173 2408 agitaret,
192 2337 215 2390 ei
229 2335 349 2406 paullum
358 2335 439 2392 *modo
451 2355 493 2392 res
506 2340 596 2392 essent
611 2336 731 2404 relectae,
750 2339 851 2396 bellum

46 2409 178 2464 renatare
195 2409 377 2482 Romanosque
394 2411 479 2466 'armis
500 2413 636 2484 persequi,
658 2412 785 2468 donicum
806 2421 851 2469 aut

45 2492 120 2550 certe
131 2483 265 2548 vicissent,
277 2491 322 2538 aut
333 2485 396 2539 victi
408 2503 504 2540 nmnue
516 2487 659 2542 dedissent.
685 2491 711 2543 a.
725 2489 780 2544 lice
788 2505 850 2544 ecn-

46 2557 112 2612 siiio
129 2573 219 2628 pacem
235 2557 396 2628 conciliavit;
418 2560 446 2614 in
463 2575 517 2631 qna
533 2569 603 2616 taum
617 2561 668 2616 fuit
682 2561 789 2628 ferocia,
808 2569 847 2628 ut,

69 2647 136 2685 uum
149 2630 258 2686 Catulus
275 2640 380 2706 negaret
395 2647 424 2688 se
440 2633 540 2690 bellum
556 2637 777 2708 compositurum,
796 2635 849 2691 nisi

45 2649 95 2762 lte
111 2721 174 2760 eum
190 2706 262 2773 suis,
279 2707 329 2779 qui
340 2708 455 2782 Erycem
469 2715 624 2776 tenuerunt,
632 2711 725 2842 gazaeis
740 2709 847 2778 relictis,
