2058 3234
184 202 217 258 er
326 199 391 258 vu.
410 197 658 257 incurrere.
678 157 765 257 cir]
783 197 848 277 xi„

184 307 275 367 Atiam
284 309 426 377 miserunt,
437 311 558 383 quicum
567 309 701 366 certiorem
711 307 837 373 iacerent,
850 305 905 362 uiri
915 304 992 364 Alc·-

110 405 120 420 ⁴
183 383 288 439 hiadem
296 385 455 450 sustulisset,
468 385 535 440 nihil
544 402 635 440 earum
646 401 735 440 rerum
743 383 798 438 iere
806 390 905 448 ratum,
919 399 991 454 quas

183 458 240 530 ipae
253 459 363 514 Athenis
377 461 563 516 constituisset.
602 459 700 526 Quare,
721 459 745 513 si
758 476 822 513 suaa
836 475 879 512 ree
896 465 989 530 gestae

123 561 128 574 ·
183 534 472 600 manereveilctiilum
483 542 689 606 persequeretur.
723 537 750 590 2.
769 533 817 587 iiia
826 533 895 587 Laco
905 532 989 586 rebus

183 617 329 665 commotus
342 610 446 674 stertit,
462 609 609 664 accuratius
621 609 674 662 eibi
687 607 820 681 agendum
830 624 892 662 cum
902 607 990 661 Phar-

184 683 293 738 nabazo.
332 685 400 738 Huic
408 700 471 769 erge
480 683 624 748 renuntiet,
641 699 709 754 quae
719 682 774 756 regi
783 699 845 736 cum
854 681 989 736 Lacedae·

183 759 388 822 manicarent,
404 759 476 812 irrita
485 757 587 822 iutura,
599 757 652 812 nisi
662 755 932 812 Alcibiademavr‘vum
941 763 988 812 cut

183 840 318 888 mertuum
328 832 485 886 tradidisset.
514 836 540 886 3.
560 833 619 887 Non
628 830 688 886 tulit
697 831 747 886 hoc
755 839 880 902 rennues,
892 832 988 884 etvic-

184 904 238 960 lara
247 906 426 970 clementiam,
439 924 521 978 quam
530 909 671 980 regieopea
680 906 779 969 minui.
790 904 894 960 maluit.
935 907 987 960 lte·

93 983 96 993 “
183 997 238 1052 que
246 979 504 1054 mieitSysamithren
513 989 539 1036 et
547 982 678 1054 Bagaeum
688 981 722 1036 ad
730 979 893 1034 Alcibiadem
903 979 987 1034 inter-

184 1053 341 1118 finiendum,
357 1071 442 1126 quum
457 1054 502 1110 ille
514 1064 582 1110 eeeet
596 1056 623 1110 in
634 1056 763 1130 Phrygia,
779 1055 880 1126 iterque
894 1054 930 1109 ad
945 1072 986 1110 rc·

184 1145 245 1202 gem
256 1137 424 1199 compararet.
463 1132 489 1184 t.
509 1131 583 1185 Mieei
594 1130 662 1184 ciam
672 1130 811 1194 vicinitati,
824 1129 917 1201 inqua
929 1138 986 1184 tum

75 1189 78 1214 ³
184 1202 333 1258 Ateibtader
346 1211 413 1268 erat,
435 1203 498 1259 dant
516 1205 665 1278 negotium,
686 1213 717 1259 ut
735 1221 796 1259 euna
816 1203 984 1258 interficiant.

185 1275 227 1332 Illi
237 1275 400 1348 quum.i0rrc
408 1278 516 1352 aggredi
526 1278 726 1344 accenderent,
744 1286 821 1334 noctu
836 1277 909 1351 ligne
923 1295 986 1334 cen-

185 1351 302 1406 tuierunt
315 1353 383 1408 cirea
397 1369 485 1408 cesam
499 1370 571 1416 eam,
588 1353 616 1408 in
629 1370 683 1424 qua
696 1353 860 1424 quiescebat,
871 1369 986 1425 eamque
1018 1411 1019 1432 χ

100 1462 104 1472 t
185 1427 388 1492 succenderunt,
409 1436 440 1482 ut
450 1427 741 1492 incendioccnficerent‚
750 1444 831 1499 quem
845 1443 986 1482 manusu-
1018 1437 1019 1490 t

184 1500 528 1573 pereripossediifidebant.
567 1504 592 1556 ὅ.
614 1501 661 1556 lile
670 1510 757 1556 eutem
769 1510 798 1556 ut
810 1502 898 1556 sonitu
909 1500 985 1556 flam·
1018 1513 1019 1574 ξ

185 1591 244 1630 mee
252 1585 292 1630 eat
300 1577 439 1640 excitatus,
456 1574 619 1649 eteigladiue
629 1577 717 1631 eierat
729 1575 889 1640 subductus,
906 1575 985 1632 ianni-
1018 1577 1019 1589 ¹

186 1648 259 1704 liaria
269 1651 312 1704 eui
321 1649 442 1704 subalare
451 1649 534 1704 telum
543 1650 648 1721 cripuit.
687 1652 985 1722 Namqueeratcumec

185 1723 296 1794 quidam
305 1723 571 1795 armunensem,
582 1725 629 1796 qui
639 1741 786 1796 numquam
796 1724 929 1780 discedere
938 1743 986 1780 vc-

186 1797 279 1854 luerat.
318 1798 610 1869 Huncaequiaeiubet,
625 1798 701 1864 aeid,
719 1799 791 1871 qued
802 1799 828 1854 iu
839 1800 983 1871 praeseutia

186 1873 402 1928 vestimentorum
420 1871 483 1937 rue,
504 1873 625 1944 erripuit.
663 1873 758 1928 Hicin
778 1874 867 1948 ignem
885 1875 982 1938 eiectis,

186 1944 371 2001 flammaevim
382 1947 494 2001 tmneiit.
533 1951 559 2002 6.
580 1946 816 2013 Quemutbarban‘
832 1948 984 2004 incendium

185 2020 309 2095 effugisse
326 2019 461 2086 viderunt,
483 2019 541 2076 telis
559 2021 664 2076 eminus
683 2021 772 2076 missis
791 2021 981 2088 interfecerunt,

185 2105 316 2168 (aputque
325 2096 382 2150 eiua
391 2096 426 2151 ad
436 2096 636 2152 Pharnabazum
646 2097 799 2152 retuterunt.
832 2097 868 2152 At
877 2097 981 2164 mulier,

185 2187 330 2241 quaecum
339 2187 370 2225 ec
380 2174 468 2226 vivere
476 2178 625 2236 censuerat,
641 2171 764 2226 muliebri
779 2189 826 2228 sua
841 2181 913 2228 vesta
922 2190 983 2228 cen·

187 2252 282 2298 tectum
297 2245 407 2300 aedificii
422 2245 543 2300 incendic
555 2254 690 2300 mortuum
704 2247 852 2312 cremauit‚¹
863 2247 936 2319 quod
949 2246 983 2301 ad

186 2318 281 2372 vivum
300 2319 503 2375 interimendum
517 2328 572 2374 erat
585 2329 774 2393 comparatum.
813 2319 857 2376 Sic
869 2321 983 2376 Alcibia-

185 2391 242 2456 des,
254 2409 337 2448 annea
346 2394 446 2450 circiter
456 2393 629 2469 quadraginta
640 2403 726 2461 natue,
736 2394 808 2450 diem
817 2395 883 2452 cbiit
891 2413 982 2468 eupre-

187 2483 272 2520 mum.
894 2489 896 2496 ¹

241 2541 289 2596 XI.
310 2542 387 2596 Hunc
401 2540 557 2598 infamatum
576 2561 591 2598 a
611 2542 744 2616 plerisque
762 2550 814 2598 tres
832 2543 982 2618 gravissimi
1015 2545 1016 2550 ’

185 2613 302 2670 historici
311 2617 425 2670 summis
436 2615 559 2672 laudibus
568 2617 731 2674 extuderunt:
744 2617 924 2692 Thucydiden,
935 2618 982 2690 qui
1015 2639 1016 2652 ¹

186 2689 305 2746 eiusdem
320 2691 410 2746 acutia
423 2689 487 2762 iuit;
508 2692 706 2766 Theopompus,
721 2693 770 2766 qui
783 2691 983 2766 poetaiiquaute
1015 2743 1016 2802 ἦ
