2058 3234
200 198 233 252 aa
329 193 394 253 vu.
412 189 660 250 aleramnus.
680 189 763 250 eir.
783 157 867 251 yur.

200 301 452 376 niiatquevirtutis.
491 299 907 371 Timebaturenimnonminus,
924 323 1000 380 quarn

200 378 367 452 diligebatur,
382 395 425 443 ne,
437 375 552 432 secunda
562 373 666 432 fortune
675 376 834 450 magnisque
842 379 948 450 opibus
955 381 1000 436 ele

199 461 256 517 tus,
273 452 441 528 tyrannidem
454 449 656 522 concupisceret.
694 451 799 518 Quibus
808 453 891 510 rebus
906 453 999 512 tactum
1014 495 1015 498 η

200 535 247 594 est,
259 536 289 583 ut
297 528 398 582 absenti
409 526 594 600 magistratum
602 525 764 600 abrogarent,
776 534 801 584 et
810 527 898 584 alium
910 531 940 586 in
950 531 999 586 eius

199 601 286 658 locum
297 603 493 658 substituerent.
533 603 559 656 t.
579 599 610 656 Id
620 600 665 656 ille
674 609 703 656 ut
712 601 827 670 audivit,
839 603 957 660 domuin
967 623 1000 661 re

199 678 265 734 verti
280 677 377 744 noluit,
393 684 419 734 et
431 695 460 732 se
469 679 580 750 Pactyen
593 675 715 742 contulit,
732 677 824 750 ibique
837 679 889 734 tria
899 681 1001 736 castella

199 753 369 818 communiit,
382 753 494 816 Bornos,
505 751 660 816 hisenthen,
672 752 842 822 Neontchos5
864 771 1001 828 manuque

199 828 304 884 collecta
318 828 422 900 primus
432 827 554 890 Graecias
567 826 687 898 privatus
700 826 728 882 in
739 827 878 884 Thraciam
890 829 998 894 introiit,

75 899 83 908 '
199 902 340 978 gloriosius
354 901 523 967 existimaus,
539 901 712 958 barbarorum
726 901 822 974 praeda
835 902 997 977 locupletari

199 995 282 1052 quem
291 976 440 1032 Graiorum.
480 976 537 1044 Qua
547 993 580 1032 ex
590 994 618 1032 re
626 985 742 1034 creverat
750 995 835 1052 quum
845 977 934 1047 lama,
947 989 998 1036 tum
1014 975 1015 1012 ³

198 1053 310 1125 opibus,
331 1069 510 1128 magnamque
527 1051 669 1108 amicitiam
685 1052 738 1110 sibi
756 1069 817 1109 cum
835 1054 997 1126 quibusdem

199 1128 308 1202 regibus
318 1127 443 1183 Thraciae
452 1134 594 1200 pepererat.

254 1203 322 1258 VIII.
333 1204 426 1276 Neque
435 1211 521 1258 tamen
533 1220 548 1258 a
558 1201 661 1258 caritate
670 1202 768 1274 patriae
776 1202 862 1275 potuit
871 1204 987 1260 recedere

198 1279 267 1334 Nem
277 1296 362 1351 quum
372 1278 444 1350 apud
453 1277 537 1352 Aegos
546 1275 645 1332 flumen
655 1277 791 1344 Philocles,
807 1278 996 1350 praetorAtbe

199 1353 348 1421 niensium,
364 1353 474 1408 classem
484 1351 659 1408 constituisset
667 1370 757 1419 suam,
770 1370 857 1426 neque
866 1353 996 1430 longeah

198 1436 265 1484 esset
278 1428 427 1504 Lysander,
446 1435 548 1501 praetor
560 1419 838 1494 Lacedaemoniorum,
860 1430 911 1501 qui
930 1431 959 1486 iu
970 1447 994 1486 eo

197 1513 252 1578 eret
269 1511 423 1576 occupatus,
447 1511 477 1559 ut
495 1501 596 1558 bellum
614 1519 697 1574 quam
715 1502 865 1558 diutissime
882 1504 991 1570 duceret,

198 1579 271 1651 quod
280 1579 346 1651 ipsis
355 1578 467 1650 pecunia
476 1595 492 1634 a
501 1595 562 1652 rege
571 1577 800 1650 suppeditabatur,
816 1586 907 1634 contra
921 1579 993 1636 Athe·

94 1663 100 1670 “
198 1654 337 1709 iriensibus
347 1653 482 1710 exhaustis
491 1659 591 1726 praeter
600 1668 673 1708 erma
682 1660 707 1708 et
716 1671 797 1708 neves
807 1653 874 1708 nibil
889 1662 993 1720 eratsu-

198 1745 258 1800 per:
278 1732 315 1785 ’2.
336 1727 484 1784 Alcibiades
498 1727 532 1784 ed
545 1727 689 1784 exercitum
704 1727 991 1794 veniththeniensium,

100 1849 106 1855 .
198 1802 291 1874 ibique
302 1811 436 1874 praesente
448 1801 531 1878 vulgo
546 1819 622 1878 agere
635 1803 731 1876 coepit,
743 1803 766 1871 si
777 1803 887 1870 vellent,
903 1823 934 1860 se
942 1821 993 1860 coa-
1014 1839 1015 1858 r

198 1884 303 1932 ctutum
317 1877 485 1952 Lysandrum
504 1884 549 1934 aut
569 1877 707 1946 dimicare,
729 1885 774 1934 aut
791 1895 883 1951 paoem
896 1888 990 1952 petere:

198 1952 415 2009 Lacedaemonios
423 1970 454 2009 eo
461 1952 531 2009 nolle
539 1951 678 2027 ‹nnfligae
685 1952 777 2020 classe,
788 1953 862 2026 quod
872 1954 993 2027 pedestri-

197 2027 425 2102 busoopiisplus,
441 2028 661 2102 quamnavibus,
680 2027 808 2098 valerent;
840 2032 867 2084 3.
887 2029 940 2084 sibi
951 2047 992 2084 au·
1014 2091 1015 2102 ἢ

197 2111 250 2159 tem
260 2122 317 2160 esse
325 2103 415 2172 focile,
427 2103 557 2170 Seuthen,
569 2119 658 2178 τομαὶ
667 2103 808 2169 Thracum,
820 2102 956 2169 deducere,
968 2109 992 2158 nt
1014 2131 1015 2144 κ

197 2188 317 2236 costerra
326 2179 478 2253 depelleret:
496 2196 551 2253 quo
559 2177 626 2234 facto
635 2178 780 2235 necessario
789 2185 835 2233 aut
844 2177 928 2234 classe
936 2195 991 2234 con·
1014 2179 1015 2210 ³

197 2252 326 2319 dicturos,
342 2255 496 2311 cutbellum
505 2254 705 2326 composituros.
744 2255 770 2310 t.
790 2252 992 2312 ldesiveredi-

197 2335 269 2382 ctum
284 2329 412 2385 Philocles
424 2329 660 2394 animadvertebat,
676 2336 763 2384 tamen
776 2327 908 2400 postulata
917 2327 991 2384 facere

199 2401 297 2468 noluit,
313 2404 384 2476 quod
398 2400 538 2472 sentiebat,
554 2421 597 2470 se,
615 2403 751 2460 Alcibiade
763 2410 878 2476 recepto,
896 2403 991 2460 nullius

199 2478 325 2532 momenti
334 2479 405 2551 opud
414 2479 557 2546 exercitum
566 2479 701 2546 luttuum,
716 2485 754 2545 et,
770 2478 794 2534 si
807 2477 876 2551 quid
888 2477 991 2534 secundi

198 2552 336 2619 evenisset,
350 2553 653 2611 nullaminearesuam
662 2561 762 2628 partem
772 2552 839 2622 fcre3
859 2561 989 2618 contreea,

199 2627 223 2683 si
233 2627 300 2700 quid
309 2629 411 2685 adversi
422 2630 569 2697 accidisset,
580 2647 609 2686 se
617 2647 703 2686 unum
713 2629 771 2686 eius
780 2627 868 2685 delicti
878 2627 991 2685 futurum
1014 2627 1015 2654 r

199 2719 284 2764 reum
324 2708 350 2766 ὅ.
369 2704 615 2770 tbhndsedens
624 2704 787 2773 Alcibiade.
803 2709 940 2778 monton,
954 2703 991 2762 in·
