2054 3232
169 251 266 310 XXV.
287 247 465 308 ATTICUS.
486 248 569 308 CAP.
589 250 612 307 I.
632 249 671 306 ll.
772 253 820 308 ite

6 361 93 437 ponii
110 357 198 417 Attici.
238 360 325 430 Quare
341 361 471 417 studiosos
488 359 594 416 Catonis
611 357 644 414 ad
660 357 729 414 illud
744 358 822 418 volu-

6 456 76 494 men
93 435 257 511 delegamus.

6 563 822 604 mmmm&

361 675 478 734 XXV.
804 714 806 725 .

93 790 96 794 '
134 781 169 842 T.
201 780 470 840 POMPONIUS
503 777 712 838 ATTlCUS.
763 771 770 784 '

348 878 435 974 'Cau
455 917 477 972 1.
512 911 514 914 ’

69 1023 115 1088 Τ.
136 1036 305 1091 Pourourur
324 1031 468 1100 Amicus,
490 1033 524 1089 ab
536 1033 639 1120 origim
650 1031 745 1088 ultima
761 1033 823 1090 atir-

6 1111 53 1183 pis
65 1111 204 1165 Romanae
212 1116 360 1183 generatus,
371 1115 496 1180 perpetuo
508 1107 679 1164 amaroribus
691 1118 823 1182 acceptam

6 1192 168 1258 equestrem
180 1183 295 1238 obtinuit
306 1183 471 1257 dignitatem.
510 1185 537 1240 2.
557 1183 632 1237 Patre
647 1199 714 1238 usur
730 1192 770 1238 est
781 1183 825 1239 di·

6 1259 124 1333 ligente,
141 1257 303 1332 indulgente,
318 1271 352 1322 et,
368 1265 397 1312 ut
409 1265 467 1312 tum
479 1263 553 1312 erant
566 1264 694 1329 tempora,
709 1257 767 1324 diti,
781 1258 824 1314 in-

6 1331 169 1405 primisque
181 1332 298 1388 studioeo
310 1331 467 1387 litterarum.
506 1331 567 1398 flio,
585 1339 663 1404 prout
682 1331 739 1404 ipse
750 1351 825 1388 ame-

6 1409 57 1465 bat
76 1407 192 1472 litteras,
211 1407 337 1462 omnibus
350 1406 489 1473 doctrinis,
509 1406 611 1486 quibua
626 1405 738 1478 puerilis
754 1415 823 1462 aetas

6 1481 149 1555 impertiri
166 1480 255 1548 debet,
281 1479 367 1536 filium
390 1480 515 1536 emdivit.
554 1485 581 1536 3.
601 1481 664 1536 Erat
685 1489 772 1537 autem
794 1482 823 1537 in

6 1574 109 1630 puero,
120 1563 223 1630 praeter
234 1555 392 1611 docilitatem
404 1555 514 1630 ingenii,
526 1573 632 1611 summa
645 1555 761 1612 suavitas
770 1557 823 1612 orie

7 1650 40 1687 ac
54 1631 149 1698 vocis,
167 1638 264 1688 utnon
276 1630 363 1688 colum
376 1631 493 1686 celeriter
504 1631 643 1704 acciperet,
657 1649 727 1704 quae
738 1630 825 1686 trade-

7 1709 129 1772 bantur,
154 1705 202 1761 aed
217 1706 296 1761 etiam
312 1705 468 1762 excellenter
483 1705 678 1780 pronunciaret.
717 1705 775 1774 Qua
791 1723 825 1762 ex
913 1705 917 1714 “

8 1800 37 1836 re
52 1783 85 1838 in
100 1781 214 1854 pueritie
227 1779 324 1836 nobilis
337 1781 405 1837 inter
416 1780 538 1854 aequales
552 1780 695 1849 ferebatur,
714 1780 825 1838 clarius·

9 1875 67 1930 que
82 1854 329 1927 exsplendesoebat‚
349 1873 431 1930 quam
443 1857 563 1932 generosi
580 1855 755 1931 condiscipuli
767 1858 826 1914 ani-

9 1950 58 1988 mo
76 1947 167 2004 aequo
182 1929 249 1986 ferre
271 1939 387 2002 poscent.
427 1934 453 1988 i.
474 1933 565 2004 ltaque
587 1932 712 1988 incitabat
732 1950 825 1990 omnes

10 2007 108 2062 studio
119 2022 183 2074 su03
200 2021 259 2080 quo
274 2005 303 2062 in
319 2023 430 2062 numero
445 2005 553 2062 fuerunt
566 2008 597 2062 L.
611 2008 774 2079 Torquatus,
792 2007 823 2063 C.

10 2081 120 2137 Marius
139 2079 225 2146 lilino,
243 2081 281 2138 Μ.
299 2079 403 2138 Cicero:
424 2098 492 2156 quoe
508 2081 698 2137 consuetudine
714 2094 764 2138 aua
786 2082 826 2136 oio

11 2157 68 2213 sibi
83 2154 216 2220 devinxit,
231 2162 262 2210 ut
273 2171 352 2212 nemo
364 2155 397 2211 iis
409 2163 534 2229 perpetuo
546 2154 625 2210 luerit
637 2155 730 2211 carior.

71 2232 108 2286 ll.
132 2231 204 2285 Pater
215 2238 317 2286 mature
329 2230 448 2286 decessit.
478 2232 536 2303 lpse
545 2229 754 2286 adolescentulus
764 2247 825 2302 pro-

13 2316 74 2379 pter
88 2303 251 2361 adfinitatem
261 2305 291 2360 P.
303 2303 423 2377 Sulpicii,
435 2305 483 2379 qui
492 2305 710 2378 tribunusplebis
720 2304 827 2362 interle-

15 2393 76 2438 ctus
90 2387 140 2444 ast,
155 2397 208 2434 aon
220 2396 315 2450 expers
326 2378 378 2435 fuit
390 2379 463 2436 illiue
474 2380 596 2453 periculi.
628 2382 750 2453 Namque
760 2380 826 2437 Ani-

15 2458 73 2522 cia,
94 2453 233 2526 Pomponii
249 2454 420 2522 consobrina,
439 2462 565 2528 nupserat
577 2455 615 2512 M.
628 2453 733 2524 Servio,
751 2455 825 2512 ilani

15 2529 144 2604 Sulpicii.
174 2527 207 2598 ’2.
223 2529 316 2602 ltaque
328 2529 459 2586 interiecto
471 2529 588 2604 Sulpicio
599 2538 771 2605 posteaquam
785 2531 827 2586 ri-

16 2608 73 2671 dit,
92 2604 214 2660 Cinnano
226 2603 343 2660 tumultu
355 2604 487 2662 civitatem
499 2623 556 2662 eoae
568 2607 760 2678 perturbatam,
778 2621 826 2660 aa·

17 2698 75 2755 que
87 2677 141 2733 sibi
154 2677 212 2734 deri
224 2677 373 2736 facultatem
384 2697 433 2753 pro
444 2680 571 2756 dignitate
581 2681 697 2747 vivendi,
709 2680 776 2753 quin
786 2679 826 2736 al-

18 2761 149 2889 teraffim
161 2760 262 2886 partem
274 2753 427 2833 offenderet,
444 2753 591 2824 dissociatis
603 2755 701 2811 animia
713 2755 823 2830 uiuit-up¹

134 2869 140 2883 ·
186 2845 226 2896 ιι.
597 2831 619 2902 ii
