2058 3234
149 202 190 258 11.
208 199 520 259 THEMISTOCLES.
541 200 623 258 cle.
642 202 676 261 V.
697 201 746 261 vl.
814 207 841 261 ll

38 317 130 376 reret,
147 310 274 368 noetude
286 311 370 366 serris
384 311 455 376 suis,
473 329 554 383 quem
566 310 659 366 hebuit
672 312 842 379 fidissimum,

38 387 76 443 ad
86 403 178 458 regem
188 385 275 452 misit,
287 387 348 442 utei
358 387 490 442 nuntiaret
499 387 556 440 suis
565 385 666 452 verbis,
682 386 845 443 adversarios

38 464 104 518 eius
113 461 142 515 in
152 459 296 535 lugeesse:
328 464 355 517 i.
375 463 423 534 qui
433 462 456 515 si
466 461 659 527 discessissent,
677 461 774 516 maiore
783 479 846 518 oum

40 537 134 593 lahcre
153 544 179 591 et
198 535 383 610 longinquiore
399 545 516 608 tempore
532 535 633 590 bellurn
655 535 843 603 coniecturum,

40 629 132 686 quum
142 611 263 686 singulos
273 612 414 666 consectari
423 619 570 685 cogentum
591 628 658 683 ques
669 611 692 665 si
701 612 788 666 statim
799 629 846 686 ag-

39 687 207 763 grederetur,
218 687 293 742 brevi
302 687 441 742 universos
449 703 648 758 oppressurum.
674 686 847 742 Hoceovale-

40 765 103 828 bat,
124 769 156 816 ut
170 762 291 836 ingratiis
302 761 336 816 ed
349 761 557 836 depugnandum
570 777 663 816 omnes
681 769 845 834 cogerentur.

41 843 69 894 ὅ.
92 837 296 902 llecreaudita‚
308 837 449 902 barbarus,
467 835 843 900 nihildolisubessecredens,

40 911 173 986 postridie
185 911 347 966 alienissimo
360 913 412 966 eibi
427 911 495 977 lucc,
517 918 605 966 contra
624 910 846 982 opportunissimo

41 987 177 1052 hostibus,
189 987 252 1041 odeo
262 995 374 1060 angusto
384 987 450 1042 mari
459 984 586 1050 conflixit,
598 993 628 1040 ut
636 986 694 1040 eius
704 983 846 1040 multitudo

41 1062 158 1118 navium
172 1061 297 1140 explicari
312 1079 364 1116 non
378 1061 499 1134 potuerit.
539 1061 630 1117 Victus
639 1077 701 1134 ergo
710 1067 749 1116 est
759 1059 847 1134 magis

41 1136 157 1194 consilio
166 1136 356 1202 Themistoclis,
368 1153 450 1208 quam
460 1136 542 1190 ermis
551 1136 683 1190 Graeciae.

102 1211 136 1269 V.
152 1212 200 1266 llic
208 1212 256 1266 etsi
266 1211 334 1267 male
343 1229 399 1266 rem
408 1219 531 1285 gesserat,
544 1218 631 1265 tamen
640 1216 725 1264 tontes
734 1209 848 1264 habebnt

41 1287 174 1360 reliquias
183 1287 333 1358 copiarum,
350 1294 380 1342 ut
388 1287 467 1341 etiem
476 1302 538 1340 oum
548 1285 590 1340 his
600 1285 747 1356 opprimere
759 1291 847 1356 posset

42 1365 146 1420 hostes.
183 1363 282 1417 lterum
295 1359 432 1417 abeodem
446 1360 532 1434 gradu
551 1359 678 1431 depulsus
690 1366 739 1414 est.
777 1361 846 1414 Nam

43 1437 234 1494 Themistocles
243 1454 351 1502 verene,
363 1454 396 1492 ue
405 1435 502 1491 hellene
511 1441 700 1506 perseveraret,
712 1433 846 1490 certiorem

42 1531 109 1570 eum
118 1511 193 1579 fecit,
204 1512 233 1566 id
242 1512 299 1586 egi,
315 1520 433 1585 mperes,
450 1527 532 1584 quem
541 1509 586 1564 ille
595 1509 623 1564 iu
635 1503 800 1579 Hellesponto
809 1505 847 1562 le·

42 1595 129 1654 cerat,
144 1587 343 1653 dissolveretur,
360 1605 391 1643 ac
404 1587 490 1642 reditu
503 1585 531 1640 in
546 1583 637 1640 Asiam
649 1582 843 1650 excludendum

43 1665 130 1736 idque
141 1663 165 1718 ei
178 1663 317 1734 persuasit.
355 1665 383 1720 2.
402 1664 493 1734 Itaque
506 1679 560 1734 qua
579 1677 626 1716 sex
643 1659 780 1714 mensibus
800 1657 847 1712 iter

43 1741 154 1803 lecerat,
166 1739 256 1792 eadem
267 1738 357 1793 miuus
366 1737 461 1792 diebus
470 1736 577 1809 triginta
587 1736 616 1792 iu
625 1733 715 1790 Asiam
726 1749 848 1789 reversus

44 1823 101 1878 est,
115 1831 197 1884 seque
207 1831 222 1867 a
231 1811 404 1868 Themistocle
414 1829 467 1866 non
477 1818 643 1882 superatum,
653 1809 700 1866 sed
709 1825 848 1864 conserva-

43 1900 105 1945 tum
116 1888 252 1944 iudieevit.
290 1892 317 1942 3.
334 1885 381 1943 Sic
390 1888 472 1944 unius
484 1887 535 1941 viri
550 1885 688 1956 prudentie
697 1883 804 1940 Graecia
815 1882 848 1936 li·

45 1967 136 2021 berata
154 1970 205 2028 est,
226 1964 399 2036 Europaeque
418 1961 561 2018 succubuit
572 1960 644 2015 Asia.
682 1961 750 2014 llaec
768 1958 848 2013 altera

45 2038 243 2110 victorie‚quae
251 2055 312 2092 cum
318 2038 480 2093 Marathonio
489 2037 571 2109 possit
579 2035 722 2106 comparari
734 2042 846 2104 tropaeo.

46 2118 116 2170 Nam
131 2114 188 2185 pori
202 2113 280 2168 modu
294 2114 365 2184 apud
374 2113 506 2169 Salamina
520 2128 601 2182 pervo
613 2123 723 2164 numero
738 2108 848 2162 navium

46 2190 166 2245 maxima
177 2197 234 2260 post
244 2189 382 2244 hominum
392 2187 545 2244 memoriam
556 2185 647 2240 classis
657 2193 696 2239 est
704 2182 816 2238 devicte.

103 2264 149 2320 Vl.
170 2265 283 2337 Magnus
294 2265 343 2318 hoc
353 2263 420 2318 hello
430 2259 616 2316 Themistocles
626 2257 689 2323 luit,
702 2275 787 2331 neque
796 2255 849 2312 mi-

46 2357 97 2398 nor
105 2340 135 2394 in
146 2355 218 2410 pace.
239 2339 327 2404 Quum
338 2337 548 2393 eniml‘halerioo
557 2344 643 2408 portu,
656 2352 742 2406 neque
751 2349 848 2407 magno

47 2433 137 2488 neque
146 2415 229 2478 bono,
245 2413 416 2468 Athenienses
425 2420 572 2479 uterentur,
594 2408 849 2466 huiusoonsiliotri-
899 2465 907 2478 ¹

46 2492 111 2564 plex
121 2491 205 2544 Piraei
214 2496 305 2559 portus
319 2488 475 2542 constitutus
487 2495 540 2552 est,
557 2487 634 2558 isque
646 2485 785 2540 moenibus
798 2484 850 2538 oir-

47 2564 205 2627 cumdatus,
221 2570 251 2616 ut
261 2563 345 2634 ipsam
356 2563 448 2618 urbem
457 2562 583 2636 dignitate
592 2561 784 2633 aequipararet,
796 2557 850 2612 uti-

48 2640 120 2694 litate
132 2645 277 2710 superaret.
315 2641 342 2694 2.
363 2637 434 2693 idem
452 2655 542 2693 muros
556 2636 757 2692 Atheniensium
774 2631 850 2686 resti-

47 2716 100 2772 tuit
117 2713 261 2788 praecipuo
276 2712 393 2787 periculo
408 2729 468 2771 suo.
505 2714 627 2785 Namque
640 2704 847 2772 Lacedaemonii,
