2054 3232
206 218 240 278 98
341 216 426 277 ΧΧΙ.
444 217 493 277 DE
512 215 693 277 REGIBUS.
712 218 795 276 cat.
814 215 871 276 111.

206 329 265 395 nia,
283 345 370 402 quum
382 336 528 401 spectatum
540 327 617 384 ludos
628 328 690 393 irat,
708 327 783 384 iuxta
794 327 929 382 thaatmm
940 326 1001 382 ooci

205 419 253 458 aus
264 411 313 458 ast.
352 407 379 460 2.
400 404 474 459 Unus
485 403 615 474 Epirotas,
628 402 757 476 Pyrrhus,
771 401 820 474 qui
832 418 895 458 cum
908 400 1001 472 populo

205 477 324 535 Romano
335 476 452 534 bellavit.
490 477 516 532 ls
528 493 614 549 quum
626 479 711 550 Argos
722 476 851 548 oppidum
867 492 1001 548 oppugna-

205 559 244 606 ret
260 551 289 606 in
307 551 498 623 Peloponneso,
516 549 603 624 lapido
617 550 687 606 'lotus
703 549 811 606 interiit.
851 550 927 605 Unus
943 549 1000 602 itam

204 624 319 690 Siculus,
331 625 473 699 Dionysius
485 625 566 696 prior.
595 627 664 680 Nam
675 631 703 700 et
713 641 796 680 manu
807 623 889 689 fortis,
905 629 932 679 et
942 622 1000 677 belli

204 699 304 770 peritus
316 697 380 764 fuit,
398 706 436 764 et,
455 698 484 754 id
495 698 569 770 quod
579 699 608 754 in
621 706 734 774 manno
745 715 797 754 non
815 697 890 752 facile
906 697 999 768 reperi-

204 779 261 837 tur,
277 772 387 827 minime
400 771 571 838 libidinosus,
586 789 640 828 non
652 772 816 838 luxuriosus,
829 787 883 826 non
896 789 997 834 avarus,

189 861 191 866 ’
205 845 475 930 nulllusdmiqturei
484 847 607 918 cupidus,
618 847 671 901 nisi
679 846 823 920 singularis
831 845 1000 932 postremique

166 1025 170 1035 ,
191 919 718 1066 -ἰιῗξίᾝϊῃῗέᾝῖἒὲἰζῇᾙάἓέἓὲ,
730 922 811 1066 ,lli
823 919 1000 1048 lillis

204 1073 287 1120 torem
303 1072 416 1136 putaret.
454 1070 481 1124 3.
501 1068 550 1122 llio
560 1085 646 1140 quum
658 1068 754 1124 virtute
770 1066 938 1142 tyrannidem
950 1067 998 1122 sibi

204 1138 359 1226 peperisset,
378 1155 476 1212 magna
492 1141 600 1226 retinuit
615 1140 748 1207 felicitato,
767 1142 999 1228 maiorqualannos

204 1213 552 1360 utilitum
558 1214 1001 1362 llllrlsfflltflll

204 1377 238 1416 ex
250 1361 335 1416 tribus
349 1361 478 1418 uxoribus
491 1362 587 1419 liberos
595 1371 763 1435 promaasaet,
774 1362 908 1436 multique
916 1364 941 1418 oi
950 1363 1001 1418 nati

205 1442 292 1491 essent
304 1443 419 1507 nepotas.

258 1511 304 1564 111.
324 1511 443 1566 Fuerunt
453 1517 583 1582 praeterea
598 1511 677 1568 multi
694 1529 768 1586 reges
784 1528 818 1580 ex¹
834 1509 928 1566 aminis
943 1507 1018 1565 ille-¹

191 1583 300 1638 mandri
311 1585 410 1658 Magni,
425 1585 474 1656 qtii
485 1592 545 1656 post
556 1585 659 1641 obitum
671 1586 728 1641 eius
741 1587 850 1658 imperia
862 1593 999 1657 oepemnt:

204 1657 238 1712 in¹
250 1657 294 1712 his
306 1658 468 1731 Antigonus,
487 1666 513 1712 et
528 1659 611 1714 huius
623 1659 695 1716 lilius
707 1660 867 1726 Demetrius,
881 1660 1001 1734 Lysima-

203 1730 280 1795 chus,
295 1730 428 1798 Seleunrs,
443 1731 616 1788 Ptolemaeus.
654 1737 681 1798 2,
701 1735 743 1789 Ex
756 1733 800 1789 hia
811 1733 963 1806 Antigonus
976 1735 1000 1786 in

203 1803 311 1876 proelio,
325 1811 411 1877 quum
423 1805 697 1862 advorsusSolououm
706 1807 956 1882 Lysimaohumque
963 1807 1001 1861 di-

203 1877 320 1943 micaret,
334 1879 436 1934 oooisus
447 1888 496 1936 ost.
525 1881 585 1936 Pari
597 1879 648 1938 leto
660 1881 765 1936 allectus
776 1889 816 1936 ast
827 1881 1001 1956 Lysimachus

204 1951 348 2007 aSolauoo.
386 1955 468 2019 Nam,
487 1954 606 2010 societate
622 1955 762 2022 dissoluta,
781 1954 882 2010 bessnm
895 1955 964 2010 inter
976 1971 1002 2008 sa

279 2033 351 2082 runt.
390 2031 416 2082 3.
436 2025 641 2094 Atllametrius,
660 2047 746 2102 quum
763 2027 846 2084 filiam
862 2047 941 2084 suam
958 2029 1018 2088 Sol

214 2117 278 2156 auno
295 2101 323 2156 ln
340 2101 539 2158 matrimonium
556 2102 682 2169 dodisset,
701 2119 787 2175 nequo
802 2120 833 2158 eo
850 2103 938 2176 magis
951 2101 1018 2168 fida]

203 2174 271 2229 inter
283 2191 327 2230 eos
338 2176 452 2232 amicitia
462 2193 567 2232 mauors
579 2177 715 2249 potuisset,
726 2184 818 2248 oannis
826 2176 906 2243 bello,
918 2177 947 2230 in
957 2193 1001 2230 cu·
1017 2197 1018 2240 l

203 2249 287 2302 stodia
299 2265 371 2304 sooar
381 2250 471 2324 generi
484 2251 560 2322 petiit
576 2252 678 2306 morbo.
710 2253 743 2307 l.
763 2249 856 2322 Neque
869 2252 906 2305 ita
919 2249 1001 2304 multo
1017 2261 1018 2324 ᾗ

203 2327 264 2390 post
272 2321 395 2378 Seleucum
404 2341 420 2378 a
429 2323 574 2380 Ptolemaeo
586 2325 705 2380 Cerauno
716 2323 776 2379 dolo
788 2323 939 2379 interiectus
949 2331 1000 2390 ost;
1017 2327 1018 2400 j

204 2409 286 2464 quem
307 2393 351 2450 illa
367 2413 383 2450 a
402 2404 475 2468 patre
495 2398 638 2469 expulsum
654 2397 831 2464 Alexandrea,
855 2397 1001 2453 altmarum

203 2479 285 2537 opum
298 2467 469 2542 indigentem,
483 2479 623 2543 temperat.
657 2473 716 2543 lpso
727 2480 815 2528 autem
828 2471 999 2534 Ptolemaeus,

203 2555 289 2626 quum
302 2541 381 2597 vivus
394 2543 449 2628 lilio
461 2561 574 2618 ragnum
585 2544 743 2612 tradidisset,
755 2545 843 2601 abillo
856 2545 949 2602 andem
962 2545 1001 2600 vi-

203 2615 505 2759 nu
514 2617 1018 2768 nn*
