2058 3234
183 199 216 254 aa
330 196 394 255 vn.
415 193 660 252 inermibus
680 194 765 252 cnr.
786 163 836 253 iv.

183 303 296 379 collegae
306 305 373 373 datr
389 306 477 362 Nicias
487 313 511 360 et
521 304 679 362 Lamachus
718 307 746 362 2
767 304 797 359 ld
809 321 896 376 quum
907 321 996 376 appa

182 388 283 436 raretur
291 399 384 453 prius
394 399 476 454 quam
485 380 577 436 classis
586 381 682 446 exrret
694 379 796 446 accidit,
808 387 839 434 ut
847 397 904 434 una
916 389 996 434 nocte

182 471 273 511 omnes
284 423 395 512 llermae
401 421 827 542 ,quiincppidoerautrlthenls,
842 453 995 510 deiiceren-
1023 491 1024 496 κ

181 537 239 596 tur,
260 539 473 603 praeterunum,
494 532 617 603 quiante
635 531 743 586 ienuam
761 537 817 586 erat
829 527 993 585 Andocidis.

181 607 273 676 Itaque
292 605 337 662 ille
355 613 444 680 postea
457 572 604 662 llercurius
621 605 770 661 Andocides
787 604 919 661 vocitatus
938 613 992 660 est.

182 683 208 734 3.
229 681 305 736 Hoc
292 699 377 754 quum
388 687 523 754 appareret
532 698 585 736 non
594 681 652 736 sine
661 698 758 755 magua
767 679 915 735 multarum
926 697 993 736 cou-

170 755 303 810 'sensicne
315 774 372 812 essa
386 756 498 823 iactum,
518 756 592 830 quod
606 773 660 812 ιιοιι
673 756 707 811 ad
720 755 864 828 privatam,
886 755 936 810 sed
955 754 1024 810 ad

181 830 316 901 publicam
326 849 383 887 rem
392 833 545 919 pertineret,
557 849 672 906 magnus
682 830 848 890 multitudini
858 831 939 886 timor
948 839 992 884 est

182 905 303 971 iniectus,
310 923 408 979 nequa
417 907 552 978 repentina
562 907 604 962 vis
613 907 642 962 in
651 907 756 962 civitate
765 906 901 962 exsisteret
902 923 992 978 ,quae

181 948 606 1054 libertatelnopprimeretpopuli.
646 984 672 1038 t.
692 983 746 1038 Hoc
759 981 1024 1037 maximeconve-

181 1054 239 1111 nire
249 1055 277 1110 in
286 1054 450 1112 Alcibiadem
460 1056 613 1122 videbatur,
628 1056 702 1130 quod
715 1064 740 1112 et
752 1056 880 1128 potentior
891 1063 919 1110 et
929 1073 990 1110 ma-

181 1129 222 1184 icr
228 1147 328 1202 quam
338 1131 466 1203 privatus
479 1098 689 1188 existimabatur.
727 1131 824 1188 Multos
835 1148 908 1186 enrm
919 1130 990 1185 libe-

181 1203 282 1260 ralitate
295 1205 450 1262 devinxerat
453 1207 561 1279 ,plures
571 1204 916 1278 etiamoperalorensisuos
926 1205 1024 1264 red-

181 1279 292 1336 diderat.
330 1284 357 1338 5.
377 1281 464 1348 Quare
474 1283 491 1337 f
493 1283 565 1348 ebat
582 1289 613 1337 ut
622 1299 744 1338 omnium
752 1280 856 1346 oculos,
867 1281 989 1354 quoties-

181 1370 297 1428 errmque
305 1375 333 1412 ιιι
343 1357 482 1430 publicum
492 1323 630 1430 prodisset,
637 1356 671 1412 ad
680 1374 709 1412 se
717 1363 885 1422 converteret
897 1374 989 1429 neque

181 1429 204 1484 ei
214 1448 262 1502 par
271 1431 416 1505 quisquam
426 1433 454 1488 in
464 1433 568 1490 civitate
581 1440 731 1520 poneretur.
770 1433 861 1504 ltaque
874 1448 928 1486 non
941 1449 988 1486 so-

181 1503 238 1560 lum
246 1523 321 1579 spem
331 1507 538 1564 rnechabebant
546 1525 702 1573 maximam
709 1506 841 1574 sedetiam
850 1506 984 1572 timmern,

181 1581 253 1653 quod
266 1590 292 1636 et
305 1583 397 1638 obesse
410 1583 558 1654 plurimum
567 1589 593 1637 et
601 1581 725 1654 pmdesse
734 1589 842 1654 poterat.
881 1585 909 1636 6.
930 1581 987 1636 Ad-

180 1656 352 1742 spergebatur
369 1657 447 1712 etiam
467 1656 590 1722 infamia,
610 1657 705 1730 quod
698 1675 726 1712 m
739 1657 818 1712 domo
833 1673 882 1711 sua
900 1654 987 1712 facere

180 1731 306 1816 mysteria
326 1730 474 1788 dicebatur:
495 1731 568 1804 quod
586 1731 659 1788 nefas
677 1739 732 1788 erat
749 1749 822 1787 more
839 1731 986 1787 Athenien-

181 1805 268 1859 sium
262 1805 372 1878 idque
380 1824 432 1862 non
444 1807 478 1862 ed
486 1807 654 1882 religionem
671 1807 719 1862 sed
733 1807 767 1862 ad
775 1806 986 1863 coniurationem
1023 1849 1024 1864 ι

180 1880 310 1951 pertinere
321 1881 531 1938 existimabatur

236 1955 280 2012 IV.
301 1957 356 2010 Hoc
364 1956 475 2012 erimine
489 1957 518 2012 in
531 1957 655 2013 concione
668 1956 724 2012 ab
716 1955 833 2012 mimicis
842 1955 987 2028 compella-

180 2029 267 2085 batur.
307 2030 358 2086 Sed
372 2032 486 2088 instabat
498 2039 603 2105 tempus
617 2031 651 2086 ad
668 2030 769 2087 bellum
788 2031 984 2104 proficiscendi

180 2105 210 2159 ld
221 2105 282 2160 rlle
274 2113 393 2172 intuens
410 2125 496 2180 neque
505 2125 631 2182 rgncrans
640 2124 741 2163 murum
750 2123 862 2162 sucrum
872 2107 1024 2162 censue-

180 2179 299 2235 tudinem
302 2149 478 2268 ,postillabat
492 2183 592 2256 siquid
601 2181 635 2236 de
643 2199 672 2236 se
681 2181 840 2255 agirellent
852 2181 941 2254 potrus
950 2183 986 2237 de

180 2266 314 2325 praesente
323 2257 441 2328 quaestio
450 2258 598 2322 haberetur
609 2274 691 2329 quam
701 2256 796 2312 absens
806 2257 924 2313 mvidiae
933 2275 986 2312 crr

181 2329 253 2384 mine
266 2339 440 2388 accusaretur.
479 2335 506 2389 2.
524 2333 628 2388 inimici
643 2349 705 2387 vere
717 2332 776 2386 eius
791 2331 985 2404 quiescendum

181 2405 207 2458 in
219 2405 357 2474 praesenti,
365 2407 429 2479 quia
440 2407 526 2462 noceri
536 2425 589 2462 ιιοιι
599 2424 676 2478 posse
686 2406 874 2481 intelligebant,
881 2415 907 2462 et
916 2407 1024 2462 illud

181 2485 285 2550 tempus
299 2481 503 2552 exspectandum
513 2481 697 2548 decreverunt
715 2499 769 2554 quc
779 2483 889 2548 exisset
905 2491 937 2538 ut
945 2500 986 2538 src

72 2578 74 2586 ι
180 2553 315 2610 absentem
339 2555 555 2686 ιςξιιιᾴειθιιιιιιι
586 2557 675 2629 itaque
693 2556 819 2613 fecerunt.
859 2562 885 2612 3.
915 2559 983 2612 Nam

180 2635 321 2701 postquam
337 2648 402 2685 ιιιι
397 2630 564 2687 'ciliamenm
574 2631 726 2703 pervenisse
740 2631 921 2698 crediderunt,
937 2633 1024 2688 ab·

180 2713 294 2772 sentem,
310 2705 383 2779 quod
391 2723 464 2762 sacra
474 2707 610 2774 violasset
628 2723 704 2762 reum
718 2705 845 2764 fecerunt.
884 2706 942 2774 Qua
951 2707 985 2764 de
