2054 3232
126 221 222 278 XXV.
242 219 421 278 ATTICUS.
442 218 526 278 CAP.
547 221 663 281 XVIII.
683 221 768 281 XIX.
800 227 848 282 lid

39 349 90 388 am
102 331 289 398 intercessisse,
309 337 355 386 aut
366 330 440 386 huno
451 349 481 388 ea
494 330 577 388 luisse
588 333 617 388 in
629 349 693 390 suos
706 332 848 408 indulgea-

38 409 90 472 tia,
114 413 153 472 ut,
173 423 241 479 quos
258 423 346 462 amare
362 406 475 474 deberet,
496 407 573 462 Irasci
590 408 629 463 eis
646 406 719 463 ndns
732 407 847 466 duceret.

40 486 72 537 3.
92 482 186 553 Neque
203 479 232 536 id
244 480 305 536 iecit
320 488 414 536 natura
426 481 523 548 solum,
537 499 703 555 quamquam
719 499 811 538 omnes
822 482 848 539 ei

39 573 179 630 paremm,
194 555 242 612 sed
253 557 332 611 etiam
344 555 472 611 doctrina.
511 557 579 611 Nam
591 565 617 612 et
625 557 777 629 principum
788 559 848 630 pbi-

40 630 217 703 losophomm
230 632 265 686 ita
277 638 397 703 percepta
409 631 504 686 habuit
515 640 660 704 praecepta,
675 633 751 688 utils
764 633 798 688 ad
806 635 847 689 vi·

40 715 100 761 tam
113 706 253 780 agendam,
268 722 322 760 non
334 705 369 760 ad
380 705 589 773 ostentationem,
602 715 729 763 uteretur.
824 729 826 736 ’

100 781 198 836 XVIII.
224 781 305 836 Moris
327 780 407 836 etiam
427 781 558 838 maiorum
584 799 708 838 summus
734 782 844 839 imitator

39 856 96 912 fuit
109 855 327 928 antiquitatisque
342 863 457 912 amator:
476 873 559 930 quam
571 856 636 914 adeo
648 856 788 932 diligenter
800 859 847 914 ha-

40 932 105 986 buit
117 931 259 1004 cognitam‚
272 938 304 986 ut
315 949 374 986 eam
391 938 472 990 totam
488 931 517 988 in
529 949 560 989 eo
573 932 708 989 volamine
720 950 847 1006 exposue-

42 1008 88 1072 rit,
105 1021 162 1078 quo
174 1006 343 1080 magistratus
357 1007 471 1063 amavit.
509 1010 537 1064 2.
557 1007 637 1064 Nulla
649 1009 722 1064 enim
735 1008 788 1076 lex,
802 1026 847 1065 ne-

42 1098 99 1154 que
117 1097 181 1153 pax,
200 1098 287 1153 neque
303 1081 414 1148 bellum,
429 1098 516 1154 neque
527 1099 569 1136 res
581 1082 694 1138 illustris
705 1092 746 1140 est
756 1083 845 1158 popula

42 1155 175 1220 Romani,
194 1173 263 1228 quae
280 1173 333 1212 nan
351 1157 381 1212 in
398 1173 429 1212 eo
445 1173 495 1212 suo
512 1163 629 1229 tempore
644 1159 680 1213 sit
696 1166 798 1216 namu:
812 1167 846 1226 et,

42 1230 119 1304 quod
136 1229 326 1286 difficilimum
338 1229 398 1298 luit,
416 1231 456 1287 sic
467 1231 629 1288 familiarum
640 1232 771 1306 originem
783 1235 849 1290 sub-

42 1305 140 1371 texuit,
159 1313 190 1361 ut
205 1323 239 1361 ex
255 1323 286 1361 eo
301 1305 433 1394 olamrum
450 1309 569 1394 virorum
590 1307 849 1396 propaginesupossi-

42 1380 849 1531 illittt‘tntittltlitmtntlitltt

42 1532 78 1588 ad
91 1532 163 1587 hanc
171 1531 380 1588 aetatemardine
388 1532 562 1598 enumeravit,
574 1540 677 1599 notans,
689 1533 746 1606 qui,
757 1551 849 1606 aquo-

42 1624 100 1682 que
112 1613 195 1674 ortus,
210 1624 278 1680 quos
290 1607 412 1673 honores,
423 1607 579 1680 quibusque
590 1607 753 1681 temporibus
765 1609 850 1681 cepis-

42 1690 95 1739 set.
137 1684 163 1738 i.
184 1682 243 1737 Pari
265 1681 344 1738 modo
367 1681 483 1738 Marcelli
506 1682 624 1748 Claudii,
650 1683 847 1754 Marcellomm;

42 1756 179 1830 Scipionis
192 1756 306 1813 Cornelii
318 1764 343 1812 et
354 1757 431 1812 Fabii
443 1757 562 1824 Maximi,
574 1758 717 1814 Fabiorum
727 1766 752 1814 et
761 1758 850 1816 demi-

42 1833 146 1890 li0rum
158 1849 279 1906 quaque:
306 1831 407 1904 quibus
420 1831 495 1888 libris
508 1832 576 1888 nihil
585 1841 670 1906 potest
678 1851 736 1890 esse
744 1833 849 1890 dulcius

43 1910 90 1974 iis,
106 1907 155 1980 qui
168 1906 287 1981 aliquam
304 1907 474 1979 cupiditatem
491 1907 590 1964 babent
601 1909 707 1966 notitiae
719 1909 848 1966 clarorum

42 1985 178 2042 virorum.
216 1986 243 2038 5.
263 1982 356 2056 Attigit
371 1999 479 2072 quoque
494 1985 625 2056 politicen:
652 1984 798 2051 medimna,
816 2001 850 2072 ne

44 2059 574 2215 pppogpqqnqqqqqqsqqrqqpqmpffi
594 2059 850 2190 ineeffilddull’cgffl

44 2212 76 2268 ni
93 2207 187 2282 populi
204 2208 397 2282 praestiterunt,
417 2215 540 2282 exposuit
556 2207 601 2272 ita,
641 2212 667 2263 6.
688 2214 718 2262 ut
729 2207 782 2263 sub
794 2207 850 2263 sin·

44 2285 175 2362 galerum
191 2283 355 2358 Imaginibus
372 2283 440 2340 iacta
457 2289 681 2358 magistratuque
692 2299 784 2338 eorum
796 2300 850 2340 non

46 2358 165 2434 amplius
175 2359 311 2431 quaternis
320 2358 445 2430 quinisve
456 2358 577 2414 versibus
585 2357 764 2430 descripserit:
778 2355 851 2432 quod

47 2439 98 2495 vix
120 2433 281 2492 credendum
302 2435 348 2496 sit,
363 2443 450 2492 tantm
472 2451 514 2491 res
535 2442 590 2492 tam
605 2433 721 2491 breviter
736 2436 852 2508 potuisse

49 2511 187 2570 declarari.
226 2511 274 2566 Est
285 2511 364 2566 etlam
376 2527 449 2567 unus
461 2510 537 2577 liber,
556 2511 654 2566 Graeca
666 2508 804 2576 conlectus,
818 2508 852 2565 de

50 2586 190 2644 consulatu
202 2585 345 2642 Ciceronis.

106 2661 184 2718 XIX.
203 2663 334 2717 Hactenus
344 2659 428 2715 AttIcc
441 2662 503 2716 vivo
515 2661 584 2716 edita
593 2661 658 2716 haec
667 2678 682 2715 a
691 2659 768 2715 nobis
778 2665 850 2715 sunt.

52 2741 144 2806 Nunc,
162 2737 291 2816 quoniam
306 2735 410 2796 tortum
427 2752 476 2796 uos
488 2735 641 2813 superstites
653 2736 678 2795 ei
690 2751 747 2796 cese
757 2733 850 2806 valuit,
