2058 3234
813 193 832 228 Υ

23 297 122 376 Gesp.
145 299 268 360 Berthio
291 297 450 357 extiterunt
469 293 636 374 opiniones,
661 311 751 373 quum
770 299 828 373 elii,

23 396 71 458 ¹uti
92 401 269 472 Lambinus,
299 418 373 476 epus
397 399 510 474 Nepoti
535 397 750 472 adiudicarent,
780 401 830 457 oin

23 495 235 580 eompendium
252 501 375 560 maioris
390 500 487 576 operis
506 507 758 572 essestetuerent,
779 501 829 558 elii

23 601 156 676 denique
182 602 397 674 abiudioerent,
428 599 497 658 ideo
524 599 605 674 quod
627 585 682 660 neo
709 601 828 660 citatum

24 701 140 777 uspiam
162 691 352 778 reperiretur,
377 711 407 762 et
428 701 573 776 quaedam
590 702 726 776 heberet,
753 721 827 778 quoe

24 819 86 862 non
104 811 299 880 congruerent
316 821 383 862 eum
400 801 523 860 historia
539 802 744 880 historicisque
761 806 828 864 reli·

23 903 105 977 quis,
131 903 305 978 elie‘etiem,
329 922 404 980 quae
420 901 482 962 ‘non
500 905 537 962 eb
555 905 636 963 omni
656 915 740 982 perte
757 907 828 966 boni

23 1005 184 1082 magnique
205 1003 355 1082 scriptoris
376 1004 443 1064 stilo
467 1005 625 1064 convenire
647 1007 826 1066 viderentur.

24 1105 112 1178 ¹Quee
133 1115 233 1166 temon
255 1107 354 1166 omnia
375 1105 477 1164 itidem
498 1107 529 1164 in
551 1107 616 1165 eliis
637 1107 725 1166 etiem
741 1109 827 1167 bonis

27 1206 217 1282 scriptoribus
232 1216 397 1268 occurrunt.
412 1205 414 1209 ’
428 1207 507 1264 Num
524 1215 620 1282 neque
636 1207 761 1268 citantur
776 1209 827 1267 eli·

28 1307 77 1380 qui
96 1308 142 1384 (ut
158 1327 187 1366 v.
203 1327 229 1368 e.
247 1308 376 1388 Curtius)
395 1317 424 1368 et
440 1307 472 1366 in
488 1309 568 1366 haud
584 1309 697 1382 peuois,
716 1310 767 1384 qni
783 1310 827 1367 in·

26 1415 71 1465 ter
91 1409 443 1486 praecipuos-habentur,
467 1417 496 1467 et
518 1415 614 1466 errata
635 1410 779 1484 quaedem
798 1418 827 1468 et

25 1509 212 1570 mnesteus
232 1511 395 1586 composite
411 1509 604 1585 reperiuntur.
638 1507 718 1566 illud
736 1507 825 1566 dubio
899 1582 902 1588 Ι

23 1618 118 1668 ,curete
140 1629 233 1687 genus
247 1612 343 1688 ipsum
360 1610 516 1684 scribendi,
535 1609 615 1685 quod
631 1609 662 1669 in
679 1611 737 1670 hoe
755 1628 826 1685 opu·

27 1713 107 1783 seule
123 1720 281 1788 oomperet,
298 1713 330 1770 in
343 1714 432 1788 longe
451 1711 598 1786 plerisque
611 1711 654 1770 ite
668 1729 732 1770 esse
748 1730 826 1770 eom·

27 1819 174 1886 paratum,
195 1820 229 1871 nt
251 1813 341 1872 aetati
362 1830 468 1871 enneae
486 1812 647 1871 abiudicari
663 1833 757 1888 paene
775 1831 825 1872 ne·

28 1919 124 1984 quest,
139 1927 187 1970 res
202 1919 300 1970 entem
314 1919 413 1988 gestes
427 1897 582 1987 moresque
597 1913 735 1987 virorum,
751 1933 825 1989 quos

23 2001 167 2084 illustret,v
186 2013 331 2073 clerorum
351 2011 394 2070 its
405 2013 513 2072 ¹vivide
536 2022 565 2072 et
585 2014 714 2072 breviter
731 2023 760 2072 et
782 2016 825 2072 ln·

28 2111 92 2170 eide
110 2113 148 2171 ob
166 2113 268 2172 oeulos
284 2107 365 2189 poni,
380 2116 476 2172 nullus
493 2121 527 2172 ut
541 2113 637 2189 aptior
653 2117 710 2173 hoe
725 2123 827 2174 auctor

26 2212 174 2286 videatur,
197 2232 216 2271 e
233 2232 291 2290 quo
308 2216 357 2274 vel
373 2215 405 2272 in
421 2213 545 2274 historie
561 2216 714 2274 tractanda
730 2215 779 2274 vel
795 2215 826 2274 in
928 2237 933 2251 ¹

23 2305 118 2374 {literis
134 2312 249 2375 Latinis
269 2314 414 2373 iuventuti
434 2315 585 2374 tradendis
604 2313 757 2374 exordium
779 2330 826 2371 oe·

28 2411 130 2484 pietur.
167 2412 304 2474 Ceterum
320 2412 418 2490 neque
435 2417 488 2474 hes
502 2415 588 2475 Vites
605 2415 734 2491 integras
748 2433 826 2474 nune

23 2497 141 2587 ¹enters,
163 2515 296 2592 sequitur
312 2523 413 2591 operte
431 2535 469 2574 ex
485 2526 634 2592 postremo
651 2512 826 2576 Hannibalis

30 2612 132 2688 eapite,
149 2615 201 2674 nbi
218 2633 251 2675 se
267 2616 327 2674 iem
343 2617 496 2691 profitetur
515 2617 717 2677 Romanorum
735 2613 826 2692 expli-

29 2709 151 2774 siturum
168 2717 373 2794 imperatores3
396 2737 434 2776 ex
451 2736 510 2812 qpo
528 2727 663 2804 apparet,
685 2725 737 2776 ent
754 2715 826 2776 Cor·
