2054 3232
136 183 252 243 xvltt.
271 177 469 240 EUMENES.
489 179 572 236 CAP.
593 179 663 236 XII.
683 181 769 238 XIII.
814 185 854 238 '89

35 299 71 350 in
83 303 242 363 potestatem
254 292 355 349 intertui
366 287 487 348 umere?
518 292 544 344 5.
565 289 632 344 IIuie
643 291 784 358 Eumenes,
801 298 855 348 utt-

36 387 109 424 nam
128 373 233 438 quidem
248 371 319 423 istud
335 366 471 420 euenisset!
490 363 541 420 Sed
553 382 582 419 eo
594 381 646 420 uon
660 371 769 430 aecidat,
788 372 856 437 qued

38 461 194 513 numquam
207 461 265 498 eum
276 445 385 512 sortiere
395 457 454 496 sum
466 456 624 508 tenerem
649 441 708 496 Neu
718 446 785 496 euim
798 461 856 497 eum

40 535 182 588 quoquam
194 535 271 573 eruta
284 519 388 578 eentutt,
402 521 466 586 qutu
478 519 503 570 t’s
515 517 579 571 tutus·
589 519 762 572 succubuerit.
796 519 855 574 Neu

40 599 117 648 euim
138 598 236 648 uirtute
256 595 378 656 dustt'um,
401 594 447 645 sed
466 593 610 646 amisorum
627 595 741 662 pmfidt'a
761 596 853 647 desidi.
930 623 939 632 -

42 667 156 743 [Neque
173 667 201 726 id
217 665 326 722 Iaisum.
365 666 434 720 Nem
446 672 472 720 et
484 665 611 740 dignitate
626 665 678 722 fuit
689 667 810 732 honeste,
821 673 856 722 ‘et

41 743 156 798 viribus
166 742 200 797 ad
210 742 324 798 laborem
335 738 472 796 ferendum
486 740 580 808 firmis,
588 759 679 816 neque
691 750 745 798 tam
757 759 855 816 magne

43 833 167 890 eoquore,
182 817 294 890 quamsi
334 833 363 870 ra
375 813 507 891 venusta]

103 893 169 949 XII.
188 894 225 948 De
237 893 287 947 hee
294 834 444 964 {isigonus
453 907 539 963 quum
549 889 622 946 selus
634 892 791 948 eonstituere
801 908 860 954 nom

45 967 167 1033 auderet,
182 967 216 1022 ad
228 965 369 1022 eonsilium
380 965 479 1021 retulit.
508 966 557 1026 Hie
567 982 654 1038 quum
666 966 785 1039 plerique
796 983 854 1022 em-

47 1060 98 1098 nes
107 1043 196 1116 primo
205 1042 348 1114 perturbati
357 1039 559 1106 admirarentur,
570 1057 624 1096 nen
634 1041 687 1096 iam
698 1042 730 1097 de
739 1059 770 1096 eo
779 1059 855 1096 sum-

46 1127 108 1173 tum
120 1135 179 1172 esse
191 1117 363 1189 supplitium,
375 1133 455 1188 aquo
467 1123 504 1171 tet
515 1132 599 1171 annos
611 1116 676 1172 adeo
687 1125 773 1172 essent
786 1115 854 1172 mele

47 1193 144 1258 habiti,
160 1200 191 1248 ut
203 1209 280 1266 saepe
292 1191 326 1248 ad
338 1191 545 1264 desperationem
557 1189 642 1246 forent
653 1191 772 1260 adducti,
792 1192 854 1264 qui-

48 1285 104 1340 que
121 1267 253 1323 maximos
270 1267 351 1324 duees
368 1265 550 1336 Interfeeissat3
584 1269 610 1322 2.
631 1265 745 1338 denique
758 1267 786 1321 iu
799 1283 854 1339 que

48 1359 106 1400 une
122 1350 190 1398 esset
206 1351 322 1409 tantum,
341 1349 385 1408 ut,
405 1341 494 1416 quoad
511 1340 556 1396 ille
571 1340 684 1406 vireret,
703 1341 755 1412 ipsi
767 1339 854 1396 securi

49 1435 109 1474 esse
120 1435 174 1474 non
187 1426 306 1490 possent,
325 1415 472 1483 interiecto,
491 1414 559 1471 nihil
573 1415 690 1470 habituri
703 1417 800 1490 negotii
812 1431 854 1471 es-

50 1501 122 1550 sent:
147 1502 292 1566 postremo,
311 1493 335 1548 si
348 1493 388 1548 iIIi
401 1493 519 1548 redderet
534 1489 661 1556 salutem,
681 1492 851 1564 quaerebant,

50 1570 152 1644 quihus
169 1569 261 1626 amieis
278 1575 345 1626 esset
361 1565 480 1624 usurus?
498 1583 555 1621 sese
571 1565 642 1621 enim
660 1583 722 1620 eum
735 1567 855 1622 Eumene

51 1643 123 1718 apud
135 1661 197 1700 eum
211 1661 264 1700 non
276 1642 392 1700 futures:
418 1647 444 1698 3.
458 1641 511 1708 hie,
526 1641 629 1715 eognita
642 1641 744 1696 eonsilii
758 1641 854 1696 voiun-

51 1729 117 1786 tate‚
137 1727 224 1775 tanmn
237 1718 368 1792 usquead
381 1719 524 1791 septimum
539 1717 610 1771 diem
626 1716 787 1772 deliberandi
801 1717 854 1772 sibi

51 1796 168 1868 spatium
185 1794 302 1868 reliquit.
341 1795 410 1848 Tum
423 1801 524 1860 autem,
544 1809 630 1864 quum
644 1791 697 1847 iem
711 1801 851 1863 vereretur,

52 1889 86 1927 ne
98 1888 152 1944 qua
164 1870 257 1926 seditio
269 1869 398 1926 exercitus
410 1869 529 1934 oriretur,
542 1867 625 1924 vetuit
639 1867 672 1922 ed
685 1885 746 1923 eum
759 1886 855 1941 quem-

52 1963 135 2019 quam
148 1945 264 2012 admitti,
283 1961 309 2000 et
320 1944 505 2018 quotidianum
518 1943 620 2000 vietum
637 1945 752 2000 amoveri
766 1945 853 2000 iussit.

51 2023 120 2077 Nam
133 2021 252 2094 negabat,
264 2038 292 2076 se
304 2021 328 2075 ei
340 2020 397 2077 vim
409 2019 560 2084 allaturum,
572 2018 620 2091 qui
637 2017 779 2090 eliquendo
789 2018 856 2073 fuis-

53 2095 211 2152 setemieus.
233 2099 259 2152 t.
274 2097 321 2150 IIie
330 2103 418 2150 tamen
428 2112 481 2150 nou
491 2093 616 2166 amplius,
628 2110 710 2165 quam
722 2092 851 2158 triduum,

53 2171 122 2226 fame
134 2169 266 2244 fatigatus,
281 2189 367 2244 quum
379 2179 463 2226 eastra
475 2175 652 2234 moverentur,
664 2168 790 2224 insciente
799 2167 855 2222 An-

54 2247 151 2321 tigono,
167 2245 302 2320 iugulatus
314 2253 353 2301 est
366 2263 381 2302 a
393 2245 558 2319 custodibus,

109 2321 180 2376 XIII.
205 2321 249 2376 Sic
264 2322 396 2376 Eumenes
413 2337 544 2376 annerum
560 2319 682 2392 quinque
699 2325 725 2375 et
740 2317 855 2392 quadra-

54 2397 140 2472 ginta,
159 2413 245 2468 quum
258 2397 292 2452 ab
304 2413 373 2452 anno
385 2397 524 2462 vieesIme,
543 2401 666 2466 utsupra
678 2394 851 2460 ostendimus,

56 2479 152 2543 septem
169 2489 253 2527 annos
265 2471 388 2543 PhiIIppo
404 2471 581 2544 adparuisset,
600 2477 626 2526 et
642 2469 765 2525 tredecIm
782 2468 854 2541 apud

56 2546 234 2602 Alexandrum
247 2547 371 2602 eumdem
384 2546 471 2602 losum
484 2545 653 2610 othnuisset,
669 2545 697 2600 in
710 2545 753 2599 his
766 2561 853 2598 unum

56 2622 174 2695 equiturn
185 2621 243 2678 uiae
253 2620 420 2695 praefuisset,
436 2627 496 2694 post
508 2628 596 2676 eutem
608 2619 751 2676 Alexandri
764 2617 854 2748 Magni

7 2749 8 2752 ,
59 2705 164 2754 mertem
177 2697 317 2772 Imperator
329 2697 458 2754 exereitus
470 2695 603 2762 duxisset,
617 2709 791 2766 summosque
821 2707 854 2748 u·
