2054 3232
61 249 64 256 ,
102 202 111 222 ·
183 187 217 244 'lit
327 183 408 243 XVI.
428 182 657 240 PELOPIDAS.
678 181 761 240 (ῙᾹΡ.
780 185 836 242 Ill.

182 293 237 350 iors
245 291 391 360 obtuliset‚
402 293 553 366 copatriam
562 309 714 365 recuperare
722 293 877 348 nitcmntur.
900 282 992 350 aslu-

183 385 237 442 que
245 385 332 442 quum
342 376 445 439 tempus
454 375 493 423 est
503 367 592 424 visum
603 368 641 424 rei
650 365 791 442 gerendae,
811 368 993 423 communiter

183 449 246 499 dum
256 443 313 509 his,
329 445 377 516 qui
387 442 485 498 Thebis
494 442 565 498 idem
575 443 734 508 sentiebant,
750 442 821 496 diem
834 441 991 516 delegerunt

184 518 218 574 ad
224 518 346 573 inimicos
354 516 539 590 opprimendos
547 519 732 590 civitatemque
740 515 907 572 liberandam
915 535 989 582 eum.

184 611 239 666 quo
252 593 363 648 maximi
377 593 546 667 magistratus
564 591 647 648 simul
666 600 854 648 consueverant
873 591 990 664 epulari.

184 672 211 724 3.
231 668 342 742 Magnae
349 685 427 740 saepe
436 685 477 723 res
487 685 540 723 non
551 668 586 724 ita
596 669 702 742 magnis
711 666 793 740 copiis
807 673 870 722 sunt
884 674 989 740 gestam

183 742 231 799 sed
245 741 358 816 prolecto
371 759 520 816 numquam
534 742 569 798 ab
581 749 634 798 tam
648 743 721 798 tonui
736 741 811 797 initio
825 749 913 796 mutae
926 759 991 813 opas

184 826 247 875 sunt
256 816 416 892 profligatae.
446 819 516 873 Nam
524 815 665 872 duodecim
673 815 859 872 adolescentuli
868 816 992 872 coierunt

184 910 218 948 ex
227 892 280 958 his,
291 893 343 964 qui
353 891 447 948 exsilio
456 899 530 948 erant
539 887 656 958 multati,
667 909 754 966 quum
763 891 873 948 omnino
883 908 940 946 non
950 909 993 946 es-

184 973 243 1023 sent
256 965 371 1037 amplius
385 971 504 1034 centum,
525 967 573 1040 qui
587 974 658 1023 tanto
674 983 703 1022 se
720 967 841 1022 offerrent
859 966 990 1038 periculo.

184 1041 243 1109 Qua
256 1041 385 1112 paucitate
397 1041 518 1113 perculsa
530 1050 570 1097 est
583 1041 849 1098 Lacedaemoniorum
862 1042 990 1114 potentia.

185 1118 211 1172 l.
231 1116 265 1170 lli
278 1115 351 1172 enim
364 1133 417 1172 non
432 1119 518 1192 magis
535 1117 747 1174 adversariorum
765 1115 885 1182 factioni,
908 1133 991 1189 quam

184 1191 332 1264 Spartanis,
348 1209 379 1248 oo
388 1199 504 1264 tempore
512 1191 614 1247 bellum
624 1191 783 1259 intulerunt,
798 1191 847 1265 qui
856 1191 991 1264 principes

184 1267 346 1322 eranttotius
356 1266 492 1336 Graeciae;
513 1283 630 1341 quorum
640 1267 744 1340 imperii
754 1266 892 1332 maiestas,
905 1283 992 1338 nequa

185 1341 221 1396 ita
231 1341 315 1396 multo
322 1350 394 1414 post,
406 1343 541 1398 Leuctrica
550 1359 655 1418 pugna,
667 1343 702 1398 ab
712 1342 762 1398 hoo
771 1342 847 1397 initio
856 1341 990 1414 perculsa,

185 1416 307 1471 concidit.
346 1419 373 1473 b.
394 1415 458 1472 llli'
480 1417 532 1472 'tur
548 1416 702 1483 duodecim¹
724 1433 841 1490 quorum
859 1423 917 1472 erat
936 1416 993 1471 dux

185 1491 335 1564 Pelopidas,
355 1509 441 1567 quum
480 1492 567 1548 thenis
581 1492 696 1548 interdiu
709 1492 837 1556 exissent,
854 1498 886 1548 ut
900 1507 993 1562 vespe-

185 1575 301 1622 rascente
314 1565 385 1622 ooelc
398 1567 501 1622 Thebas
515 1574 623 1640 possent
635 1567 785 1640 pervenire,
801 1583 864 1622 cum
878 1567 991 1622 mnibus

184 1642 312 1697 matidis
324 1642 458 1708 exierunt,
475 1641 538 1697 retia
552 1639 676 1710 luentes,
694 1642 790 1699 vestitu
803 1641 918 1716 agresti,
939 1659 991 1714 quo

185 1717 288 1772 minore
301 1717 451 1788 suspicione
469 1715 582 1774 lacemnt
600 1717 659 1774 iter.
697 1717 750 1786 Qui
768 1733 856 1790 quum
875 1723 992 1788 tempore

185 1792 256 1860 ipso,
273 1807 327 1863 quo
341 1791 508 1858 studuerant,
524 1793 720 1866 pervenissent,
740 1790 851 1847 domum
861 1790 991 1848 Charonis

101 1885 104 1897 ·
185 1863 448 1938 deveneruntaquo
456 1875 481 1921 et
490 1874 595 1940 tompus
605 1873 630 1923 et
639 1867 696 1924 dies
705 1874 761 1922 erat
769 1866 858 1922 datus.

240 1941 286 1995 lll.
307 1939 361 1994 lloc
370 1938 426 1996 loco
435 1938 498 1996 libet
507 1942 684 2014 interponere,
699 1943 748 1997 etsi
757 1941 992 1998 seiunctumabre

184 2016 317 2087 proposita
334 2022 386 2081 est,
407 2015 490 2071 nimia
509 2015 606 2072 fiducia
624 2024 739 2090 quantae
755 2015 898 2074 calamitati
912 2015 991 2072 soleat

184 2107 252 2146 esse.
285 2091 353 2146 Nam
362 2091 567 2166 magistratuum
576 2091 763 2148 Thebanorum
772 2092 861 2148 statim
869 2091 906 2147 ad
915 2107 990 2147 aures

184 2166 316 2236 pervenit.
337 2163 443 2222 exsules
456 2168 485 2222 in
503 2167 598 2223 urbem
617 2165 764 2225 devenisse.
803 2166 833 2222 ld
852 2165 908 2232 illi,
932 2167 990 2222 vino

185 2239 325 2312 apulisque
333 2239 429 2307 dediti,
445 2257 532 2314 usque
541 2259 572 2298 eo
581 2241 771 2316 despexerunt,
783 2249 813 2297 ut
822 2259 857 2297 ne
865 2257 990 2314 quaerere

185 2313 296 2398 quidem
304 2313 338 2368 de
346 2314 616 2400 tantarslebomrint.
646 2321 673 2376 2.
693 2313 990 2400 decessitetiam‚quod

185 2391 927 2542 tot·atltlt'ltlltrtluidlltlll‘}
936 2407 989 2520 ll:

186 2537 274 2603 chiae,
289 2537 410 2609 quitum
423 2542 572 2596 maximum
587 2543 771 2616 magistratum
781 2540 880 2596 Thebis
889 2541 989 2596 obtine-

64 2679 66 2682 ·
185 2611 244 2677 bat,
265 2613 294 2667 in
308 2629 362 2685 qua
375 2614 465 2669 omnia
483 2614 516 2669 de
533 2615 690 2687 proiectione
703 2616 830 2674 exsulum
848 2616 987 2688 perscripta

186 2691 270 2742 mant.
290 2683 985 2778 Quaequumiamsccubantiinoonvivioossetdata
