2054 3232
199 224 232 278 68
315 221 381 279 XV.
400 217 695 276 EPAlllNONDhS.
715 216 799 273 ctu.
820 215 891 274 Vll.

199 347 285 400 quum
294 330 416 384 omnium
424 330 555 384 sociorum
563 329 748 384 eonvenissent
756 326 846 400 legati,
857 343 953 380 ooram
961 325 1004 378 ire·

198 405 373 476 quentissimo
383 404 544 478 legationum
553 400 1015 476 eonventnsioLaoetlaemoniorum1

197 479 367 552 tyrannidem
380 479 512 552 coarguit,
532 485 564 533 ut
577 495 630 534 non
645 477 737 532 minus
751 476 798 531 illa
810 476 936 532 oratione
949 494 1015 547 opas:

198 571 290 608 eorum
299 556 467 620 ooneusserit,
479 571 562 626 quam
572 553 706 608 heneti-ies
715 569 818 625 pugna.
851 552 929 606 tum
939 553 1005 605 enim

197 628 317 700 perfecit,
333 629 616 703 quodpostapparuit,
631 635 663 682 nt
671 627 773 682 auxilio
782 627 921 682 sociorum
932 627 1005 680 Laoe

198 702 331 760 daemonii
339 705 518 776 privarentur.

253 779 311 836 Vll.
331 780 426 835 Fuisse
443 780 586 852 patientem
603 793 768 851 suorumque
786 776 903 832 iniurias
924 775 1015 858 feren-l

198 859 251 908 tem
260 854 374 919 civium,
396 854 469 926 quod
482 871 511 909 se
519 853 619 926 patriae
632 853 710 908 irasoi
724 851 797 907 nelas
810 869 871 906 esse
890 851 1015 924 duoeretl

197 927 263 982 haeo
272 936 335 982 sunt
344 928 502 984 testimonia.
538 928 629 996 Quum
639 945 701 983 eum
711 934 816 1000 propter
825 926 964 982 invidiam
973 929 1015 980 eil

197 1019 245 1058 vas
258 1001 398 1074 praeiioere
411 1003 538 1058 exercitui
552 1003 712 1068 noluissent,
727 1002 840 1074 duxque
850 1009 927 1056 esset
939 1001 1015 1080 dele,

198 1083 256 1130 etus
269 1075 333 1130 belli
348 1079 499 1149 imperitus,
515 1079 593 1132 ouius
606 1095 693 1133 errore
706 1093 737 1134 oo
751 1083 820 1132 esset
828 1075 947 1132 deducta
956 1095 1001 1141 res,
1014 1097 1015 1148 3

197 1157 229 1204 ut
237 1167 329 1206 omnes
339 1151 372 1206 de
381 1151 466 1208 salute
473 1153 694 1225 pertimesoerent,
706 1151 779 1224 quod
789 1150 912 1206 looorum
922 1170 1003 1224 angu-

198 1227 257 1280 stiis
267 1226 348 1281 olausi
359 1227 393 1282 ab
402 1227 525 1284 hostibus
538 1227 740 1284 obsidebantur:
760 1225 909 1282 desiderari
918 1234 1015 1298 ooeptu

197 1308 237 1354 est
246 1301 444 1372 Epaminondae
453 1303 604 1376 diligentia:
615 1303 751 1358 eratenim
761 1301 800 1356 ibi
809 1302 946 1373 privatus,
958 1319 1003 1356 nu·

198 1392 271 1430 mero
281 1375 383 1432 militia.
422 1380 450 1433 2.
469 1377 493 1433 tt
503 1395 557 1450 quo
566 1393 653 1450 quum
662 1383 778 1450 peterent
789 1393 885 1447 opem,
896 1376 1003 1432 nullam

198 1450 320 1506 adhibuit
333 1454 488 1507 memoriam
507 1451 693 1518 oontumeliae,
714 1459 740 1506 et
752 1451 914 1517 exereitum,
936 1452 1015 1506 obsi-³

197 1524 277 1581 dione
287 1525 439 1592 liberatum,
454 1526 565 1582 domum
574 1527 681 1581 reduxit
693 1525 864 1581 ineolumem.
906 1529 935 1580 3.
957 1528 1004 1580 Ne·

102 1637 104 1644 ·
198 1617 252 1672 que
260 1617 322 1655 vero
332 1601 382 1656 boo
391 1601 471 1656 semel
482 1601 554 1666 feeit,
570 1601 746 1673 sedsaepius.
784 1600 905 1655 Maxime
917 1609 1015 1654 autem

197 1673 249 1729 fuit
261 1675 375 1742 illustre,
392 1693 478 1749 quum
492 1676 521 1732 in
532 1675 740 1748 Peloponnesum
753 1675 901 1730 exercitum
911 1675 1005 1730 duxis-

198 1757 237 1803 set
246 1749 373 1805 adversus
383 1751 614 1816 Lacedaemonios,
630 1751 793 1822 haberetque
800 1749 918 1823 collegas
927 1749 1001 1812 duos,

199 1839 315 1895 quorum
324 1823 388 1880 alter
397 1834 451 1880 erat
461 1825 606 1898 Pelopidas,
617 1829 661 1881 vir
672 1824 744 1880 lortis
754 1841 785 1879 ao
793 1831 934 1880 strenuusa
960 1826 1005 1879 llio

199 1915 286 1970 quum
305 1898 462 1954 criminibus
482 1900 693 1956 adversariorum
711 1915 804 1954 omnes
822 1899 852 1953 in
872 1899 1004 1954 invidiam

166 2037 178 2045 α
199 1975 345 2039 venissent,
361 1975 396 2028 ob
410 1991 522 2047 eamque
531 1993 587 2030 rem
601 1975 744 2046 imperium
758 1973 802 2028 bis
814 1974 1005 2048 meahmga

198 2055 265 2114 tum,
277 2057 356 2122 atque
366 2049 393 2105 in
404 2067 495 2105 eorum
505 2049 592 2105 locum
602 2049 647 2105 alii
658 2057 789 2121 praetores
798 2049 1002 2106 suoeassissent:

199 2126 225 2178 l.
245 2123 441 2196 Epaminondas
453 2124 607 2197 populiscito
617 2141 670 2178 non
681 2124 776 2195 paruit,
788 2122 917 2196 idemque
927 2131 959 2178 ut
968 2123 1004 2178 la-

199 2207 298 2264 oerent,
315 2199 579 2272 persuasit-eollegis,
594 2206 619 2253 et
628 2198 743 2264 bellum,
758 2197 1001 2270 quodsusoeperat,

198 2273 289 2344 gessit.
319 2275 441 2346 Namque
450 2273 681 2338 animadvertebat,
694 2273 747 2327 nisi
757 2271 785 2326 id
795 2271 907 2338 lecisset,
919 2281 1015 2327 toturn

198 2349 343 2400 exercitum
362 2356 466 2420 propter
484 2355 634 2420 praetorum
657 2346 864 2419 imprudentiam
889 2347 1003 2402 insoien·

198 2422 316 2490 tiamque
335 2420 398 2476 belli
417 2423 574 2494 [erinitum.
614 2425 640 2478 b.
660 2422 717 2477 Lex
733 2429 788 2476 erat
802 2421 915 2487 Thebis,
936 2439 1015 2494 quae,

199 2501 282 2550 morte
296 2493 435 2562 multabat,
455 2497 554 2570 siquis
568 2497 710 2570 imperium
724 2497 827 2551 diutius
840 2497 1001 2560 retinuisset,

199 2586 282 2641 quarn
310 2567 368 2642 lege
394 2572 563 2640 praefinitum
590 2572 665 2626 foret.
709 2573 782 2626 llano
803 2570 1015 2641 Epaminondas¹

199 2661 285 2714 quum
306 2643 464 2712 reipublicae
481 2645 676 2701 oonservandae
692 2663 773 2700 eausa
792 2644 872 2699 latam
891 2645 1000 2710 videret,

200 2716 234 2770 ad
247 2717 390 2788 perniciem
403 2718 516 2775 civitatis
529 2717 646 2776 oonlerre
659 2719 757 2786 noluit,
769 2727 795 2776 et
804 2727 920 2792 qlratrtor
929 2721 1015 2776 men-'
