2058 3234
180 186 213 242 ta
259 179 265 199 '
346 182 415 240 XII.
436 179 638 238 cateruis.
659 179 742 238 CAP.
761 183 810 242 lv.

180 291 277 348 Chares
290 292 387 348 horum
400 297 425 346 et
438 289 511 346 sactis
525 298 550 346 et
563 291 697 358 moribus,
713 292 759 348 sed
772 299 862 350 tamen
870 290 985 350 Athenis

179 373 204 421 et
213 366 355 422 honoratus
364 374 389 421 et
398 373 499 438 potens.
600 367 605 372 '
962 403 966 411 ‚

233 442 279 498 1v.
299 441 426 498 Chabrias
440 447 526 496 autem
540 441 617 512 periit
631 439 700 496 bello
717 440 806 496 sociali
826 440 872 496 tali
892 441 974 498 modo

178 515 374 590 oppugnabant
383 515 555 577 Athenienses
565 515 673 572 Chium.
708 515 771 571 Erat
782 517 809 571 in
819 516 905 572 alasse
915 517 984 572 Cha·

177 590 250 646 brias
260 592 392 662 privatus,
405 589 452 644 sed
460 607 566 655 aranee,
578 589 626 662 qui
638 589 664 644 in
675 591 829 664 magistratu
838 599 924 656 erant,
937 609 983 646 au·

178 666 292 722 ctoritate
309 665 436 732 anteibat,
461 681 577 738 eumque
596 665 681 738 magis
701 665 810 736 milites,
831 683 916 737 quam
934 667 981 738 qui

177 747 321 812 praeerant,
333 738 521 812 adspiciebant.
549 742 576 796 2.
592 738 664 805 Quae
674 756 715 796 res
724 740 748 794 ei
759 741 902 796 maturavit
911 758 982 796 mor-

178 822 241 870 tem.
279 817 347 870 Nam
357 813 422 870 dum
432 814 536 886 primus
545 813 632 870 studet
640 821 746 886 portum
757 815 866 880 intrare,
881 816 981 889 guber-

178 896 348 961 natoremque
357 889 429 944 iubet
438 906 468 944 eo
477 885 590 962 dirigere
600 905 709 955 navem,
725 889 782 962 ipsa
791 890 843 944 sihi
853 891 979 962 perniciei

177 947 237 1020 tiit.
266 963 356 1030 Quum
365 963 437 1020 enim
446 980 476 1020 eo
485 970 651 1035 penetrasset,
663 972 759 1020 aeterne
768 982 821 1020 non
832 973 896 1020 sunt
904 982 980 1019 seeu-

177 1044 227 1094 tae.
267 1037 325 1104 Quo
339 1036 404 1094 faeta
418 1037 594 1094 circumfusus
607 1039 724 1094 hostium
742 1056 872 1094 concursu
892 1057 979 1112 quum

176 1111 319 1170 fortissime
329 1121 465 1188 pugnaret,
472 1113 568 1179 navis,
579 1121 662 1170 rostro
671 1131 804 1185 percussa,
816 1114 900 1186 eoepit
909 1113 979 1168 side-

173 1204 215 1242 re.
255 1191 281 1242 3.
301 1189 369 1243 Hine
378 1187 495 1262 refugere
504 1205 591 1260 quum
600 1196 700 1258 posset,
717 1189 815 1244 sisein
826 1206 899 1244 mare
908 1188 978 1243 deie-

178 1262 262 1326 eisset,
275 1262 348 1334 quod
356 1263 462 1320 suberat
470 1261 561 1318 elassis
571 1261 782 1328 Atheniensium,
794 1281 863 1336 quae
872 1263 977 1336 excipe·

177 1343 216 1391 ret
229 1344 373 1392 natantem:
394 1337 479 1410 perire
491 1335 598 1402 maluit,
618 1355 700 1410 quarn
715 1339 795 1394 armis
809 1337 917 1394 abiectis
932 1356 977 1392 na-

177 1428 238 1467 vem
248 1411 408 1485 relinquere,
425 1412 454 1468 in
467 1429 522 1483 qua
532 1410 616 1466 iuerat
625 1420 725 1468 vectus.
764 1412 794 1468 id
803 1413 880 1468 ceteri
894 1413 976 1468 iaeere

177 1485 330 1550 noluerunt,
346 1487 394 1559 qui
409 1485 496 1542 nando
511 1486 539 1542 in
554 1493 641 1542 tutum
654 1495 838 1558 pervenerunt.
877 1486 912 1544 At
922 1487 973 1553 ille,

115 1624 117 1630 ,
175 1569 305 1633 praestare
314 1561 450 1616 honestam
459 1567 569 1616 mortem
583 1561 737 1618 existimans
750 1563 822 1635 turpi
835 1562 917 1629 vitae,
934 1579 975 1618 eo-
1012 1579 1013 1597 ¹

176 1636 267 1692 minus
276 1653 400 1710 pugnans
411 1635 469 1691 telis
479 1635 597 1692 hostium
607 1635 755 1712 interiectus
763 1644 812 1692 est.

515 1877 633 1934 XIII.
887 1919 895 1932 ,,

371 1981 779 2042 TIMOTHEUS.

517 2119 586 2175 Car.
606 2120 628 2174 Ι.

229 2223 423 2302 Truornrus,
454 2235 585 2292 Cononis
614 2253 726 2300 rrnrus,
757 2233 969 2290 Arnnnrrrsrs.

174 2309 223 2366 Hie
237 2327 252 2364 a
265 2317 338 2380 patre
351 2317 481 2383 aeoeptam
494 2309 606 2385 gloriam
620 2309 711 2364 multis
726 2311 800 2366 auxit
820 2310 969 2366 virtutibus.

173 2383 238 2440 Fuit
250 2383 321 2440 enim
336 2383 462 2452 disertus,
479 2385 605 2459 impiger,
622 2383 782 2450 laboriosus,
800 2387 838 2439 rei
853 2384 970 2440 militaris

174 2458 283 2531 peritus,
294 2477 380 2532 neque
389 2463 479 2516 minus
489 2461 602 2516 civitatis
611 2459 747 2533 regendae.
785 2462 811 2516 2.
832 2458 970 2515 Multahu-

130 2539 132 2546 ’
177 2531 218 2588 ius
236 2541 299 2589 sunt
318 2534 448 2606 praeclare
468 2534 546 2600 faeta,
567 2534 614 2590 sed
633 2534 697 2588 haec
716 2534 832 2590 maxime
852 2533 967 2588 illustria.

175 2607 314 2682 Olynthios
324 2617 349 2662 et
358 2610 497 2682 Byzantius
506 2608 575 2664 balio
584 2609 699 2683 subegit.
739 2607 849 2664 Samum
859 2607 968 2682 eepitin

140 2695 143 2702 ·
174 2700 227 2760 qua
241 2682 419 2762 oppugnanda
435 2685 568 2766 superiore
586 2682 656 2748 helle
668 2683 840 2750 Athenienses
859 2682 929 2742 mille
945 2689 969 2744 et
