<?xml version="1.0" encoding="UTF-8"?>
<!DOCTYPE html PUBLIC "-//W3C//DTD XHTML 1.0 Transitional//EN"
    "http://www.w3.org/TR/xhtml1/DTD/xhtml1-transitional.dtd">
<html xmlns="http://www.w3.org/1999/xhtml" xml:lang="en" lang="en">
 <head>
  <title>
</title>
<meta http-equiv="Content-Type" content="text/html;charset=utf-8" />
  <meta name='ocr-system' content='tesseract 3.04.00' />
  <meta name='ocr-capabilities' content='ocr_page ocr_carea ocr_par ocr_line ocrx_word'/>
</head>
<body>
  <div class='ocr_page' id='page_1' title='image "./corneliinepotis23nepogoog_0017.png"; bbox 0 0 2058 3234; ppageno 0'>
   <div class='ocr_carea' id='block_1_1' title="bbox 217 173 850 286">
    <p class='ocr_par' dir='ltr' id='par_1_1' title="bbox 217 173 850 286">
     <span class='ocr_line' id='line_1_1' title="bbox 217 173 850 286; baseline 0.006 -16"><span class='ocrx_word' id='word_1_1' title='bbox 217 215 240 271; x_wconf 92' lang='lat'>1.</span> <span class='ocrx_word' id='word_1_2' title='bbox 259 210 479 286; x_wconf 78' lang='lat' dir='ltr'>ururmnss</span> <span class='ocrx_word' id='word_1_3' title='bbox 500 173 583 270; x_wconf 75' lang='lat' dir='ltr'>car.</span> <span class='ocrx_word' id='word_1_4' title='bbox 603 215 641 272; x_wconf 92' lang='lat'>11.</span> <span class='ocrx_word' id='word_1_5' title='bbox 811 217 850 274; x_wconf 59' lang='lat' dir='ltr'>o,</span> 
     </span>
    </p>
   </div>
   <div class='ocr_carea' id='block_1_2' title="bbox 12 319 858 2709">
    <p class='ocr_par' dir='ltr' id='par_1_2' title="bbox 12 319 858 2709">
     <span class='ocr_line' id='line_1_2' title="bbox 16 319 828 394; baseline 0.005 -18"><span class='ocrx_word' id='word_1_6' title='bbox 16 337 151 393; x_wconf 86' lang='lat' dir='ltr'>prospera</span> <span class='ocrx_word' id='word_1_7' title='bbox 160 319 259 378; x_wconf 82' lang='lat' dir='ltr'>futura.</span> <span class='ocrx_word' id='word_1_8' title='bbox 286 325 312 378; x_wconf 83' lang='lat' dir='ltr'>l.</span> <span class='ocrx_word' id='word_1_9' title='bbox 324 324 377 378; x_wconf 91' lang='lat' dir='ltr'>lloc</span> <span class='ocrx_word' id='word_1_10' title='bbox 385 321 483 378; x_wconf 89' lang='lat' dir='ltr'>oraculi</span> <span class='ocrx_word' id='word_1_11' title='bbox 494 339 618 394; x_wconf 82' lang='lat' dir='ltr'>responso</span> <span class='ocrx_word' id='word_1_12' title='bbox 627 322 756 378; x_wconf 82' lang='lat' dir='ltr'>Miltiades</span> <span class='ocrx_word' id='word_1_13' title='bbox 766 339 828 380; x_wconf 87' lang='lat' dir='ltr'>cum</span> 
     </span>
     <span class='ocr_line' id='line_1_3' title="bbox 19 395 825 470; baseline 0.007 -22"><span class='ocrx_word' id='word_1_14' title='bbox 19 395 123 453; x_wconf 85' lang='lat' dir='ltr'>delecta</span> <span class='ocrx_word' id='word_1_15' title='bbox 138 415 223 452; x_wconf 80' lang='lat' dir='ltr'>uranu</span> <span class='ocrx_word' id='word_1_16' title='bbox 236 397 319 452; x_wconf 88' lang='lat' dir='ltr'>classe</span> <span class='ocrx_word' id='word_1_17' title='bbox 332 397 524 453; x_wconf 83' lang='lat' dir='ltr'>Chersonesum</span> <span class='ocrx_word' id='word_1_18' title='bbox 537 396 667 468; x_wconf 83' lang='lat' dir='ltr'>profectus</span> <span class='ocrx_word' id='word_1_19' title='bbox 680 414 766 470; x_wconf 89' lang='lat' dir='ltr'>quum</span> <span class='ocrx_word' id='word_1_20' title='bbox 786 415 825 454; x_wconf 80' lang='lat' dir='ltr'>ao</span> 
     </span>
     <span class='ocr_line' id='line_1_4' title="bbox 19 471 830 543; baseline 0.002 -17"><span class='ocrx_word' id='word_1_21' title='bbox 19 471 147 527; x_wconf 79' lang='lat' dir='ltr'>cessisset</span> <span class='ocrx_word' id='word_1_22' title='bbox 157 473 301 540; x_wconf 78' lang='lat' dir='ltr'>Lemnum,</span> <span class='ocrx_word' id='word_1_23' title='bbox 310 479 342 526; x_wconf 86' lang='lat' dir='ltr'>et</span> <span class='ocrx_word' id='word_1_24' title='bbox 356 471 454 527; x_wconf 85' lang='lat' dir='ltr'>incolas</span> <span class='ocrx_word' id='word_1_25' title='bbox 467 472 525 526; x_wconf 89' lang='lat' dir='ltr'>eius</span> <span class='ocrx_word' id='word_1_26' title='bbox 540 471 642 526; x_wconf 86' lang='lat' dir='ltr'>insulae</span> <span class='ocrx_word' id='word_1_27' title='bbox 656 473 708 526; x_wconf 92' lang='lat' dir='ltr'>sub</span> <span class='ocrx_word' id='word_1_28' title='bbox 718 481 830 543; x_wconf 79' lang='lat' dir='ltr'>potesta-</span> 
     </span>
     <span class='ocr_line' id='line_1_5' title="bbox 12 545 828 619; baseline 0.006 -21"><span class='ocrx_word' id='word_1_29' title='bbox 12 551 76 614; x_wconf 83' lang='lat' dir='ltr'>tem</span> <span class='ocrx_word' id='word_1_30' title='bbox 87 546 211 619; x_wconf 81' lang='lat' dir='ltr'>redigere</span> <span class='ocrx_word' id='word_1_31' title='bbox 220 547 298 602; x_wconf 83' lang='lat' dir='ltr'>vellet</span> <span class='ocrx_word' id='word_1_32' title='bbox 307 545 521 611; x_wconf 79' lang='lat' dir='ltr'>Atheniensium,</span> <span class='ocrx_word' id='word_1_33' title='bbox 537 546 618 618; x_wconf 86' lang='lat' dir='ltr'>idque</span> <span class='ocrx_word' id='word_1_34' title='bbox 628 555 657 602; x_wconf 93' lang='lat' dir='ltr'>ut</span> <span class='ocrx_word' id='word_1_35' title='bbox 667 548 770 602; x_wconf 91' lang='lat' dir='ltr'>Lemnii</span> <span class='ocrx_word' id='word_1_36' title='bbox 779 565 828 603; x_wconf 87' lang='lat' dir='ltr'>sua</span> 
     </span>
     <span class='ocr_line' id='line_1_6' title="bbox 21 620 829 694; baseline 0.004 -20"><span class='ocrx_word' id='word_1_37' title='bbox 21 628 118 691; x_wconf 84' lang='lat' dir='ltr'>sponte</span> <span class='ocrx_word' id='word_1_38' title='bbox 127 620 250 687; x_wconf 82' lang='lat' dir='ltr'>fecerant,</span> <span class='ocrx_word' id='word_1_39' title='bbox 261 621 431 694; x_wconf 76' lang='lat' dir='ltr'>postulasset:</span> <span class='ocrx_word' id='word_1_40' title='bbox 453 625 479 676; x_wconf 80' lang='grc' dir='ltr'>ὅ.</span> <span class='ocrx_word' id='word_1_41' title='bbox 490 621 530 676; x_wconf 90' lang='lat' dir='ltr'>illi</span> <span class='ocrx_word' id='word_1_42' title='bbox 541 621 678 676; x_wconf 87' lang='lat' dir='ltr'>irridentes</span> <span class='ocrx_word' id='word_1_43' title='bbox 688 622 829 694; x_wconf 89' lang='lat' dir='ltr'>responde-</span> 
     </span>
     <span class='ocr_line' id='line_1_7' title="bbox 21 695 829 768; baseline 0.006 -19"><span class='ocrx_word' id='word_1_44' title='bbox 21 703 100 761; x_wconf 88' lang='lat' dir='ltr'>runt,</span> <span class='ocrx_word' id='word_1_45' title='bbox 118 703 178 751; x_wconf 88' lang='lat' dir='ltr'>tum</span> <span class='ocrx_word' id='word_1_46' title='bbox 189 695 389 763; x_wconf 86' lang='lat' dir='ltr'>idseiacturos</span> <span class='ocrx_word' id='word_1_47' title='bbox 408 713 493 768; x_wconf 92' lang='lat' dir='ltr'>quum</span> <span class='ocrx_word' id='word_1_48' title='bbox 504 695 548 751; x_wconf 91' lang='lat' dir='ltr'>ille</span> <span class='ocrx_word' id='word_1_49' title='bbox 557 695 635 752; x_wconf 89' lang='lat' dir='ltr'>domo</span> <span class='ocrx_word' id='word_1_50' title='bbox 644 697 829 768; x_wconf 87' lang='lat' dir='ltr'>navibuspro·</span> 
     </span>
     <span class='ocr_line' id='line_1_8' title="bbox 23 769 828 843; baseline 0.005 -20"><span class='ocrx_word' id='word_1_51' title='bbox 23 769 149 826; x_wconf 85' lang='lat' dir='ltr'>ficiscens</span> <span class='ocrx_word' id='word_1_52' title='bbox 162 778 240 826; x_wconf 84' lang='lat' dir='ltr'>vento</span> <span class='ocrx_word' id='word_1_53' title='bbox 254 769 377 843; x_wconf 89' lang='lat' dir='ltr'>aquilone</span> <span class='ocrx_word' id='word_1_54' title='bbox 391 770 505 826; x_wconf 86' lang='lat' dir='ltr'>venisset</span> <span class='ocrx_word' id='word_1_55' title='bbox 514 772 656 826; x_wconf 88' lang='lat' dir='ltr'>Lemnum</span> <span class='ocrx_word' id='word_1_56' title='bbox 694 772 743 826; x_wconf 88' lang='lat' dir='ltr'>llio</span> <span class='ocrx_word' id='word_1_57' title='bbox 755 772 828 828; x_wconf 90' lang='lat' dir='ltr'>enim</span> 
     </span>
     <span class='ocr_line' id='line_1_9' title="bbox 24 845 829 919; baseline 0.004 -20"><span class='ocrx_word' id='word_1_58' title='bbox 24 854 137 910; x_wconf 88' lang='lat' dir='ltr'>ventus,</span> <span class='ocrx_word' id='word_1_59' title='bbox 157 845 402 919; x_wconf 84' lang='lat' dir='ltr'>aseptentrrombus</span> <span class='ocrx_word' id='word_1_60' title='bbox 411 863 508 911; x_wconf 82' lang='lat' dir='ltr'>oneras</span> <span class='ocrx_word' id='word_1_61' title='bbox 520 845 661 902; x_wconf 86' lang='lat' dir='ltr'>adversum</span> <span class='ocrx_word' id='word_1_62' title='bbox 671 853 739 902; x_wconf 82' lang='lat' dir='ltr'>tenet</span> <span class='ocrx_word' id='word_1_63' title='bbox 748 847 829 902; x_wconf 85' lang='lat' dir='ltr'>Athe-</span> 
     </span>
     <span class='ocr_line' id='line_1_10' title="bbox 25 919 828 994; baseline 0.007 -22"><span class='ocrx_word' id='word_1_64' title='bbox 25 919 317 994; x_wconf 78' lang='lat' dir='ltr'>disproficisoentibus.</span> <span class='ocrx_word' id='word_1_65' title='bbox 343 919 519 986; x_wconf 65' lang='lat' dir='ltr'>chiltiadoe,</span> <span class='ocrx_word' id='word_1_66' title='bbox 531 920 828 1007; x_wconf 81' lang='lat' dir='ltr'>moranditempusnon</span> 
     </span>
     <span class='ocr_line' id='line_1_11' title="bbox 25 994 829 1069; baseline 0.005 -22"><span class='ocrx_word' id='word_1_67' title='bbox 25 994 144 1060; x_wconf 87' lang='lat' dir='ltr'>habens,</span> <span class='ocrx_word' id='word_1_68' title='bbox 165 1011 274 1050; x_wconf 86' lang='lat' dir='ltr'>cursum</span> <span class='ocrx_word' id='word_1_69' title='bbox 296 994 405 1062; x_wconf 88' lang='lat' dir='ltr'>direxit,</span> <span class='ocrx_word' id='word_1_70' title='bbox 426 1012 482 1068; x_wconf 92' lang='lat' dir='ltr'>quo</span> <span class='ocrx_word' id='word_1_71' title='bbox 500 995 633 1061; x_wconf 87' lang='lat' dir='ltr'>tendebat,</span> <span class='ocrx_word' id='word_1_72' title='bbox 658 997 829 1069; x_wconf 86' lang='lat' dir='ltr'>pervenitque</span> 
     </span>
     <span class='ocr_line' id='line_1_12' title="bbox 26 1068 858 1126; baseline 0.004 -3"><span class='ocrx_word' id='word_1_73' title='bbox 26 1068 232 1126; x_wconf 86' lang='lat' dir='ltr'>Chersonesum.</span> <span class='ocrx_word' id='word_1_74' title='bbox 852 1101 858 1108; x_wconf 89' lang='lat'>-</span> 
     </span>
     <span class='ocr_line' id='line_1_13' title="bbox 80 1138 825 1216; baseline 0.001 -18"><span class='ocrx_word' id='word_1_75' title='bbox 80 1145 116 1198; x_wconf 89' lang='lat' dir='ltr'>ll.</span> <span class='ocrx_word' id='word_1_76' title='bbox 137 1144 178 1198; x_wconf 89' lang='lat' dir='ltr'>lbi</span> <span class='ocrx_word' id='word_1_77' title='bbox 192 1145 266 1201; x_wconf 86' lang='lat' dir='ltr'>brevi</span> <span class='ocrx_word' id='word_1_78' title='bbox 281 1138 396 1216; x_wconf 89' lang='lat' dir='ltr'>tempore</span> <span class='ocrx_word' id='word_1_79' title='bbox 409 1144 581 1200; x_wconf 86' lang='lat' dir='ltr'>barbarorum</span> <span class='ocrx_word' id='word_1_80' title='bbox 599 1144 681 1216; x_wconf 87' lang='lat' dir='ltr'>copiis</span> <span class='ocrx_word' id='word_1_81' title='bbox 699 1144 825 1212; x_wconf 86' lang='lat' dir='ltr'>disiectis,</span> 
     </span>
     <span class='ocr_line' id='line_1_14' title="bbox 27 1218 828 1304; baseline 0.005 -32"><span class='ocrx_word' id='word_1_82' title='bbox 27 1225 77 1273; x_wconf 86' lang='lat' dir='ltr'>tota</span> <span class='ocrx_word' id='word_1_83' title='bbox 87 1218 204 1304; x_wconf 76' lang='lat' dir='ltr'>regione,</span> <span class='ocrx_word' id='word_1_84' title='bbox 211 1236 294 1292; x_wconf 89' lang='lat' dir='ltr'>quam</span> <span class='ocrx_word' id='word_1_85' title='bbox 303 1220 418 1291; x_wconf 87' lang='lat' dir='ltr'>petierat,</span> <span class='ocrx_word' id='word_1_86' title='bbox 430 1220 536 1291; x_wconf 85' lang='lat' dir='ltr'>potitus,</span> <span class='ocrx_word' id='word_1_87' title='bbox 549 1218 603 1274; x_wconf 87' lang='lat' dir='ltr'>loca</span> <span class='ocrx_word' id='word_1_88' title='bbox 612 1219 725 1274; x_wconf 75' lang='lat' dir='ltr'>castellis</span> <span class='ocrx_word' id='word_1_89' title='bbox 736 1219 828 1276; x_wconf 86' lang='lat' dir='ltr'>idonea</span> 
     </span>
     <span class='ocr_line' id='line_1_15' title="bbox 28 1293 827 1366; baseline 0.003 -19"><span class='ocrx_word' id='word_1_90' title='bbox 28 1293 198 1360; x_wconf 81' lang='lat' dir='ltr'>oonrmuniit,</span> <span class='ocrx_word' id='word_1_91' title='bbox 221 1293 432 1360; x_wconf 87' lang='lat' dir='ltr'>multitudinem,</span> <span class='ocrx_word' id='word_1_92' title='bbox 453 1311 535 1366; x_wconf 90' lang='lat' dir='ltr'>quam</span> <span class='ocrx_word' id='word_1_93' title='bbox 549 1311 639 1348; x_wconf 90' lang='lat' dir='ltr'>secum</span> <span class='ocrx_word' id='word_1_94' title='bbox 654 1293 778 1358; x_wconf 89' lang='lat' dir='ltr'>duxerat,</span> <span class='ocrx_word' id='word_1_95' title='bbox 799 1295 827 1349; x_wconf 87' lang='lat' dir='ltr'>in</span> 
     </span>
     <span class='ocr_line' id='line_1_16' title="bbox 29 1367 825 1441; baseline 0 -21"><span class='ocrx_word' id='word_1_96' title='bbox 29 1385 99 1440; x_wconf 79' lang='lat' dir='ltr'>agris</span> <span class='ocrx_word' id='word_1_97' title='bbox 108 1367 256 1434; x_wconf 76' lang='lat' dir='ltr'>collocavit</span> <span class='ocrx_word' id='word_1_98' title='bbox 273 1369 425 1441; x_wconf 78' lang='lat' dir='ltr'>crebrisque</span> <span class='ocrx_word' id='word_1_99' title='bbox 433 1368 635 1426; x_wconf 78' lang='lat' dir='ltr'>excursionibus</span> <span class='ocrx_word' id='word_1_100' title='bbox 650 1367 825 1438; x_wconf 79' lang='lat' dir='ltr'>locupletavit</span> 
     </span>
     <span class='ocr_line' id='line_1_17' title="bbox 29 1440 828 1515; baseline -0.003 -17"><span class='ocrx_word' id='word_1_101' title='bbox 29 1445 53 1498; x_wconf 74' lang='grc'>3.</span> <span class='ocrx_word' id='word_1_102' title='bbox 69 1444 162 1515; x_wconf 88' lang='lat' dir='ltr'>Neque</span> <span class='ocrx_word' id='word_1_103' title='bbox 171 1443 262 1498; x_wconf 81' lang='lat' dir='ltr'>minus</span> <span class='ocrx_word' id='word_1_104' title='bbox 272 1461 341 1500; x_wconf 86' lang='lat' dir='ltr'>rnea</span> <span class='ocrx_word' id='word_1_105' title='bbox 353 1442 537 1515; x_wconf 89' lang='lat' dir='ltr'>reprudentia,</span> <span class='ocrx_word' id='word_1_106' title='bbox 549 1440 768 1514; x_wconf 88' lang='lat' dir='ltr'>quamielicitate,</span> <span class='ocrx_word' id='word_1_107' title='bbox 781 1441 828 1496; x_wconf 88' lang='lat' dir='ltr'>ad·</span> 
     </span>
     <span class='ocr_line' id='line_1_18' title="bbox 30 1483 847 1592; baseline 0.001 -23"><span class='ocrx_word' id='word_1_108' title='bbox 30 1515 101 1572; x_wconf 91' lang='lat' dir='ltr'>iutus</span> <span class='ocrx_word' id='word_1_109' title='bbox 114 1523 163 1572; x_wconf 89' lang='lat' dir='ltr'>est.</span> <span class='ocrx_word' id='word_1_110' title='bbox 202 1519 282 1574; x_wconf 88' lang='lat' dir='ltr'>Nam</span> <span class='ocrx_word' id='word_1_111' title='bbox 284 1535 377 1590; x_wconf 91' lang='lat' dir='ltr'>quum</span> <span class='ocrx_word' id='word_1_112' title='bbox 385 1518 480 1574; x_wconf 85' lang='lat' dir='ltr'>virtute</span> <span class='ocrx_word' id='word_1_113' title='bbox 491 1516 608 1582; x_wconf 84' lang='lat' dir='ltr'>militum</span> <span class='ocrx_word' id='word_1_114' title='bbox 621 1516 738 1590; x_wconf 86' lang='lat' dir='ltr'>hostium</span> <span class='ocrx_word' id='word_1_115' title='bbox 753 1483 828 1572; x_wconf 78' lang='lat' dir='ltr'>‹levi-</span> <span class='ocrx_word' id='word_1_116' title='bbox 844 1583 847 1592; x_wconf 82' lang='lat'>.</span> 
     </span>
     <span class='ocr_line' id='line_1_19' title="bbox 29 1591 827 1666; baseline 0.004 -22"><span class='ocrx_word' id='word_1_117' title='bbox 29 1591 106 1646; x_wconf 84' lang='lat' dir='ltr'>orsset</span> <span class='ocrx_word' id='word_1_118' title='bbox 114 1593 257 1658; x_wconf 75' lang='lat' dir='ltr'>exercitus</span> <span class='ocrx_word' id='word_1_119' title='bbox 273 1610 378 1648; x_wconf 90' lang='lat' dir='ltr'>summa</span> <span class='ocrx_word' id='word_1_120' title='bbox 388 1592 517 1666; x_wconf 77' lang='lat' dir='ltr'>aequitate</span> <span class='ocrx_word' id='word_1_121' title='bbox 530 1609 571 1646; x_wconf 89' lang='lat' dir='ltr'>res</span> <span class='ocrx_word' id='word_1_122' title='bbox 585 1591 730 1657; x_wconf 86' lang='lat' dir='ltr'>constituit,</span> <span class='ocrx_word' id='word_1_123' title='bbox 749 1599 827 1664; x_wconf 88' lang='lat' dir='ltr'>atque</span> 
     </span>
     <span class='ocr_line' id='line_1_20' title="bbox 29 1665 837 1738; baseline 0.004 -19"><span class='ocrx_word' id='word_1_124' title='bbox 29 1665 85 1738; x_wconf 89' lang='lat' dir='ltr'>ipse</span> <span class='ocrx_word' id='word_1_125' title='bbox 100 1666 198 1722; x_wconf 86' lang='lat' dir='ltr'>ibidem</span> <span class='ocrx_word' id='word_1_126' title='bbox 212 1683 318 1722; x_wconf 85' lang='lat' dir='ltr'>manere</span> <span class='ocrx_word' id='word_1_127' title='bbox 332 1667 456 1724; x_wconf 80' lang='lat' dir='ltr'>decrevit</span> <span class='ocrx_word' id='word_1_128' title='bbox 495 1671 521 1722; x_wconf 94' lang='grc'>3.</span> <span class='ocrx_word' id='word_1_129' title='bbox 541 1667 604 1722; x_wconf 88' lang='lat' dir='ltr'>Erat</span> <span class='ocrx_word' id='word_1_130' title='bbox 616 1685 691 1722; x_wconf 80' lang='lat' dir='ltr'>enim</span> <span class='ocrx_word' id='word_1_131' title='bbox 703 1667 837 1725; x_wconf 80' lang='lat' dir='ltr'>intereos</span> 
     </span>
     <span class='ocr_line' id='line_1_21' title="bbox 30 1741 827 1832; baseline -0.001 -36"><span class='ocrx_word' id='word_1_132' title='bbox 30 1741 156 1828; x_wconf 81' lang='lat' dir='ltr'>dignitate</span> <span class='ocrx_word' id='word_1_133' title='bbox 165 1741 247 1832; x_wconf 69' lang='lat' dir='ltr'>regia,</span> <span class='ocrx_word' id='word_1_134' title='bbox 239 1759 382 1814; x_wconf 77' lang='lat' dir='ltr'>quamvis</span> <span class='ocrx_word' id='word_1_135' title='bbox 392 1741 494 1797; x_wconf 89' lang='lat' dir='ltr'>carebat</span> <span class='ocrx_word' id='word_1_136' title='bbox 503 1759 622 1798; x_wconf 87' lang='lat' dir='ltr'>nomme</span> <span class='ocrx_word' id='word_1_137' title='bbox 616 1759 723 1814; x_wconf 86' lang='lat' dir='ltr'>usque</span> <span class='ocrx_word' id='word_1_138' title='bbox 733 1742 761 1796; x_wconf 86' lang='lat' dir='ltr'>rd</span> <span class='ocrx_word' id='word_1_139' title='bbox 771 1759 827 1796; x_wconf 87' lang='lat' dir='ltr'>ma-</span> 
     </span>
     <span class='ocr_line' id='line_1_22' title="bbox 31 1817 827 1889; baseline 0.003 -19"><span class='ocrx_word' id='word_1_140' title='bbox 31 1817 69 1888; x_wconf 80' lang='lat' dir='ltr'>gis</span> <span class='ocrx_word' id='word_1_141' title='bbox 91 1817 220 1888; x_wconf 76' lang='lat' dir='ltr'>imperio,-</span> <span class='ocrx_word' id='word_1_142' title='bbox 238 1834 320 1888; x_wconf 89' lang='lat' dir='ltr'>quam</span> <span class='ocrx_word' id='word_1_143' title='bbox 340 1817 453 1882; x_wconf 82' lang='lat' dir='ltr'>iustitis,</span> <span class='ocrx_word' id='word_1_144' title='bbox 480 1824 645 1872; x_wconf 88' lang='lat' dir='ltr'>consecutus.</span> <span class='ocrx_word' id='word_1_145' title='bbox 684 1819 776 1889; x_wconf 88' lang='lat' dir='ltr'>Neque</span> <span class='ocrx_word' id='word_1_146' title='bbox 796 1834 827 1872; x_wconf 89' lang='lat' dir='ltr'>eo</span> 
     </span>
     <span class='ocr_line' id='line_1_23' title="bbox 31 1857 826 1963; baseline 0.003 -19"><span class='ocrx_word' id='word_1_147' title='bbox 31 1891 114 1945; x_wconf 84' lang='lat' dir='ltr'>secius</span> <span class='ocrx_word' id='word_1_148' title='bbox 126 1891 345 1957; x_wconf 79' lang='lat' dir='ltr'>Atheniensibus,</span> <span class='ocrx_word' id='word_1_149' title='bbox 366 1857 494 1963; x_wconf 81' lang='lat' dir='ltr'>aquibus</span> <span class='ocrx_word' id='word_1_150' title='bbox 508 1898 562 1946; x_wconf 87' lang='lat' dir='ltr'>erat</span> <span class='ocrx_word' id='word_1_151' title='bbox 579 1890 721 1962; x_wconf 81' lang='lat' dir='ltr'>proiectus,</span> <span class='ocrx_word' id='word_1_152' title='bbox 740 1891 826 1948; x_wconf 83' lang='lat' dir='ltr'>officia</span> 
     </span>
     <span class='ocr_line' id='line_1_24' title="bbox 32 1933 826 2036; baseline 0.001 -17"><span class='ocrx_word' id='word_1_153' title='bbox 32 1965 186 2036; x_wconf 73' lang='lat' dir='ltr'>praestabat</span> <span class='ocrx_word' id='word_1_154' title='bbox 222 1965 326 2032; x_wconf 79' lang='lat' dir='ltr'>Quibus</span> <span class='ocrx_word' id='word_1_155' title='bbox 335 1933 671 2030; x_wconf 55' lang='lat' dir='ltr'>rebusffffissmnon</span> <span class='ocrx_word' id='word_1_156' title='bbox 634 1983 725 2022; x_wconf 76' lang='lat' dir='ltr'>miuus</span> <span class='ocrx_word' id='word_1_157' title='bbox 735 1983 826 2022; x_wconf 90' lang='lat' dir='ltr'>eorum</span> 
     </span>
     <span class='ocr_line' id='line_1_25' title="bbox 33 2039 823 2124; baseline 0 -30"><span class='ocrx_word' id='word_1_158' title='bbox 33 2040 161 2096; x_wconf 86' lang='lat' dir='ltr'>voluntate</span> <span class='ocrx_word' id='word_1_159' title='bbox 173 2047 299 2114; x_wconf 85' lang='lat' dir='ltr'>perpetuo</span> <span class='ocrx_word' id='word_1_160' title='bbox 312 2040 455 2124; x_wconf 89' lang='lat' dir='ltr'>imperium</span> <span class='ocrx_word' id='word_1_161' title='bbox 468 2040 607 2105; x_wconf 86' lang='lat' dir='ltr'>obtineret,</span> <span class='ocrx_word' id='word_1_162' title='bbox 627 2039 675 2112; x_wconf 90' lang='lat' dir='ltr'>qui</span> <span class='ocrx_word' id='word_1_163' title='bbox 689 2041 823 2106; x_wconf 90' lang='lat' dir='ltr'>miserant,</span> 
     </span>
     <span class='ocr_line' id='line_1_26' title="bbox 33 2081 828 2187; baseline 0 -17"><span class='ocrx_word' id='word_1_164' title='bbox 33 2114 234 2186; x_wconf 86' lang='lat' dir='ltr'>quamillorum,</span> <span class='ocrx_word' id='word_1_165' title='bbox 246 2081 628 2201; x_wconf 69' lang='lat' dir='ltr'>cumquilluseratproieotus.</span> <span class='ocrx_word' id='word_1_166' title='bbox 668 2116 694 2170; x_wconf 82' lang='lat' dir='ltr'>l.</span> <span class='ocrx_word' id='word_1_167' title='bbox 715 2081 828 2170; x_wconf 56' lang='lat' dir='ltr'>Chersoss</span> 
     </span>
     <span class='ocr_line' id='line_1_27' title="bbox 33 2187 826 2255; baseline 0.003 -12"><span class='ocrx_word' id='word_1_168' title='bbox 33 2206 93 2244; x_wconf 91' lang='lat' dir='ltr'>neso</span> <span class='ocrx_word' id='word_1_169' title='bbox 106 2189 150 2244; x_wconf 90' lang='lat' dir='ltr'>tali</span> <span class='ocrx_word' id='word_1_170' title='bbox 164 2189 242 2246; x_wconf 77' lang='grc' dir='ltr'>ιιιοᾱο</span> <span class='ocrx_word' id='word_1_171' title='bbox 260 2189 411 2255; x_wconf 86' lang='lat' dir='ltr'>constituta,</span> <span class='ocrx_word' id='word_1_172' title='bbox 431 2191 564 2245; x_wconf 88' lang='lat' dir='ltr'>Lemnum</span> <span class='ocrx_word' id='word_1_173' title='bbox 579 2187 729 2254; x_wconf 85' lang='lat' dir='ltr'>revertitur,</span> <span class='ocrx_word' id='word_1_174' title='bbox 749 2195 775 2244; x_wconf 88' lang='lat' dir='ltr'>et</span> <span class='ocrx_word' id='word_1_175' title='bbox 792 2205 826 2245; x_wconf 86' lang='lat' dir='ltr'>ex</span> 
     </span>
     <span class='ocr_line' id='line_1_28' title="bbox 33 2257 829 2336; baseline 0.003 -19"><span class='ocrx_word' id='word_1_176' title='bbox 33 2271 103 2333; x_wconf 87' lang='lat' dir='ltr'>pacto</span> <span class='ocrx_word' id='word_1_177' title='bbox 112 2263 236 2336; x_wconf 88' lang='lat' dir='ltr'>postulat,</span> <span class='ocrx_word' id='word_1_178' title='bbox 251 2257 568 2322; x_wconf 71' lang='lat' dir='ltr'>utsibiurbemtradant.</span> <span class='ocrx_word' id='word_1_179' title='bbox 607 2261 649 2318; x_wconf 86' lang='lat' dir='ltr'>llll</span> <span class='ocrx_word' id='word_1_180' title='bbox 663 2263 735 2318; x_wconf 89' lang='lat' dir='ltr'>enim</span> <span class='ocrx_word' id='word_1_181' title='bbox 751 2263 829 2320; x_wconf 85' lang='lat' dir='ltr'>dixe-</span> 
     </span>
     <span class='ocr_line' id='line_1_29' title="bbox 34 2337 835 2411; baseline 0.004 -20"><span class='ocrx_word' id='word_1_182' title='bbox 34 2346 101 2403; x_wconf 88' lang='lat' dir='ltr'>rant,</span> <span class='ocrx_word' id='word_1_183' title='bbox 116 2356 213 2410; x_wconf 89' lang='lat' dir='ltr'>quum,</span> <span class='ocrx_word' id='word_1_184' title='bbox 228 2346 306 2394; x_wconf 85' lang='lat' dir='ltr'>vento</span> <span class='ocrx_word' id='word_1_185' title='bbox 318 2337 636 2411; x_wconf 85' lang='lat' dir='ltr'>boreadomoproleotus‚</span> <span class='ocrx_word' id='word_1_186' title='bbox 651 2339 835 2410; x_wconf 84' lang='lat' dir='ltr'>eopervenis-</span> 
     </span>
     <span class='ocr_line' id='line_1_30' title="bbox 35 2413 823 2481; baseline 0.004 -15"><span class='ocrx_word' id='word_1_187' title='bbox 35 2421 77 2477; x_wconf 89' lang='lat' dir='ltr'>set,</span> <span class='ocrx_word' id='word_1_188' title='bbox 83 2429 138 2468; x_wconf 89' lang='lat' dir='ltr'>sese</span> <span class='ocrx_word' id='word_1_189' title='bbox 147 2413 292 2481; x_wconf 74' lang='lat' dir='ltr'>dedituros</span> <span class='ocrx_word' id='word_1_190' title='bbox 305 2422 430 2470; x_wconf 71' lang='lat' dir='ltr'>seaucm</span> <span class='ocrx_word' id='word_1_191' title='bbox 439 2413 708 2470; x_wconf 79' lang='lat' dir='ltr'>domumGhersonesr</span> <span class='ocrx_word' id='word_1_192' title='bbox 718 2413 823 2469; x_wconf 89' lang='lat' dir='ltr'>habere</span> 
     </span>
     <span class='ocr_line' id='line_1_31' title="bbox 36 2487 841 2560; baseline 0.003 -20"><span class='ocrx_word' id='word_1_193' title='bbox 36 2489 58 2540; x_wconf 82' lang='lat'>5.</span> <span class='ocrx_word' id='word_1_194' title='bbox 72 2487 157 2553; x_wconf 85' lang='lat' dir='ltr'>Cares,</span> <span class='ocrx_word' id='word_1_195' title='bbox 168 2505 216 2559; x_wconf 87' lang='lat' dir='ltr'>qur</span> <span class='ocrx_word' id='word_1_196' title='bbox 226 2495 283 2544; x_wconf 91' lang='lat' dir='ltr'>tum</span> <span class='ocrx_word' id='word_1_197' title='bbox 293 2489 423 2544; x_wconf 88' lang='lat' dir='ltr'>Lemnum</span> <span class='ocrx_word' id='word_1_198' title='bbox 434 2488 590 2553; x_wconf 77' lang='lat' dir='ltr'>incolebant</span> <span class='ocrx_word' id='word_1_199' title='bbox 601 2487 650 2544; x_wconf 87' lang='lat' dir='ltr'>etsr</span> <span class='ocrx_word' id='word_1_200' title='bbox 659 2495 760 2560; x_wconf 86' lang='lat' dir='ltr'>praeter</span> <span class='ocrx_word' id='word_1_201' title='bbox 764 2501 841 2560; x_wconf 87' lang='lat' dir='ltr'>opr</span> 
     </span>
     <span class='ocr_line' id='line_1_32' title="bbox 36 2561 825 2629; baseline 0 -13"><span class='ocrx_word' id='word_1_202' title='bbox 36 2561 134 2616; x_wconf 85' lang='lat' dir='ltr'>aionem</span> <span class='ocrx_word' id='word_1_203' title='bbox 150 2579 191 2618; x_wconf 88' lang='lat' dir='ltr'>res</span> <span class='ocrx_word' id='word_1_204' title='bbox 205 2562 343 2628; x_wconf 87' lang='lat' dir='ltr'>ceciderat,</span> <span class='ocrx_word' id='word_1_205' title='bbox 360 2569 460 2629; x_wconf 83' lang='lat' dir='ltr'>tamen,</span> <span class='ocrx_word' id='word_1_206' title='bbox 481 2583 533 2620; x_wconf 89' lang='lat' dir='ltr'>non</span> <span class='ocrx_word' id='word_1_207' title='bbox 546 2563 627 2627; x_wconf 87' lang='lat' dir='ltr'>dioto,</span> <span class='ocrx_word' id='word_1_208' title='bbox 648 2562 696 2620; x_wconf 85' lang='lat' dir='ltr'>sed</span> <span class='ocrx_word' id='word_1_209' title='bbox 709 2561 825 2618; x_wconf 86' lang='lat' dir='ltr'>secunda</span> 
     </span>
     <span class='ocr_line' id='line_1_33' title="bbox 36 2633 822 2709; baseline 0 -20"><span class='ocrx_word' id='word_1_210' title='bbox 36 2633 131 2692; x_wconf 84' lang='lat' dir='ltr'>fortuna</span> <span class='ocrx_word' id='word_1_211' title='bbox 144 2636 353 2693; x_wconf 85' lang='lat' dir='ltr'>adversariorum</span> <span class='ocrx_word' id='word_1_212' title='bbox 367 2637 449 2709; x_wconf 87' lang='lat' dir='ltr'>capti,</span> <span class='ocrx_word' id='word_1_213' title='bbox 470 2639 587 2694; x_wconf 84' lang='lat' dir='ltr'>resistere</span> <span class='ocrx_word' id='word_1_214' title='bbox 601 2637 660 2692; x_wconf 88' lang='lat' dir='ltr'>ausi</span> <span class='ocrx_word' id='word_1_215' title='bbox 678 2653 731 2692; x_wconf 91' lang='lat' dir='ltr'>non</span> <span class='ocrx_word' id='word_1_216' title='bbox 750 2643 822 2702; x_wconf 86' lang='lat' dir='ltr'>sunt,</span> 
     </span>
    </p>
   </div>
   <div class='ocr_carea' id='block_1_3' title="bbox 37 2709 825 2842">
    <p class='ocr_par' dir='ltr' id='par_1_3' title="bbox 37 2709 825 2842">
     <span class='ocr_line' id='line_1_34' title="bbox 37 2709 825 2842; baseline -0.003 -76"><span class='ocrx_word' id='word_1_217' title='bbox 37 2719 108 2784; x_wconf 85' lang='lat' dir='ltr'>atque</span> <span class='ocrx_word' id='word_1_218' title='bbox 116 2729 148 2768; x_wconf 79' lang='lat' dir='ltr'>ex</span> <span class='ocrx_word' id='word_1_219' title='bbox 158 2710 245 2768; x_wconf 77' lang='lat' dir='ltr'>insula</span> <span class='ocrx_word' id='word_1_220' title='bbox 253 2711 443 2786; x_wconf 80' lang='lat' dir='ltr'>demigrarunt</span> <span class='ocrx_word' id='word_1_221' title='bbox 478 2713 536 2768; x_wconf 85' lang='lat' dir='ltr'>Parr</span> <span class='ocrx_word' id='word_1_222' title='bbox 546 2712 667 2842; x_wconf 51' lang='lat' dir='ltr'>leheapatzs</span> <span class='ocrx_word' id='word_1_223' title='bbox 676 2709 825 2768; x_wconf 84' lang='lat' dir='ltr'>ceterasin·</span> 
     </span>
    </p>
   </div>
   <div class='ocr_carea' id='block_1_4' title="bbox 0 0 1044 3234">
    <p class='ocr_par' dir='ltr' id='par_1_4' title="bbox 0 0 1044 3234">
     <span class='ocr_line' id='line_1_35' title="bbox 0 0 1044 3234; baseline 0 0"><span class='ocrx_word' id='word_1_224' title='bbox 0 0 1044 3234; x_wconf 95' lang='lat' dir='ltr'> </span> 
     </span>
    </p>
   </div>
  </div>
 </body>
</html>
