2054 3232
201 183 306 260 ¹suu
327 184 513 244 euocrou.
533 183 615 242 cle.
636 187 674 244 11.
816 191 845 246 u

35 311 99 365 que
110 293 278 354 hortensius
286 295 410 368 uapore,
422 295 558 368 simulque
569 295 746 361 admouerent,
757 295 781 353 si
794 294 851 366 ipse

36 369 88 422 his
101 367 178 428 ieeile
190 377 300 435 careret,
320 369 411 430 liberis
423 378 512 432 umen
524 371 581 428 suis
597 369 770 445 propiaret,
789 371 851 442 qui-

36 443 97 498 bus
114 443 223 518 diifieile
239 451 307 504 esset
318 445 347 502 in
360 463 466 505 wmma
483 452 633 517 paupertate
649 451 748 502 unum
765 452 851 516 pater-

37 535 109 574 nam
122 519 191 577 tueri
202 518 328 592 plorieun
363 523 389 578 l.
409 520 452 580 iis
469 519 527 586 ille,
546 519 577 576 Si
589 523 640 576 mai
653 523 753 576 similes
764 529 849 582 erunt,

36 599 113 650 idem
126 597 182 658 ieie,
197 594 298 666 inquit.
313 598 415 665 apelles
425 598 486 660 illes
497 598 559 659 alet,
572 600 619 666 qiu·
630 613 670 650 me
681 599 717 652 act
729 599 797 650 linae
808 599 851 652 di-

37 673 171 736 qm'teteot
182 674 322 739 portuum
334 675 376 730 et'te
388 673 527 733 &amitae
537 678 598 728 aaut
610 674 702 740 (muri,
716 673 777 727 nole
788 675 851 730 meis

38 748 170 811 impensis
182 747 289 804 illerum
300 749 339 800 eli
351 751 492 814 sepeque
506 747 649 800 murtam

100 819 136 872 ll.
155 818 228 876 idem
237 835 322 891 quum
333 837 415 891 prope
423 819 457 878 ed
472 835 574 882 eonem
586 819 776 892 eoeogeeimum
790 835 852 890 pro-

39 893 852 1041 uehat

39 1059 108 1096 eum
122 1041 237 1100 Demade
252 1043 285 1101 de
301 1044 368 1100 urhe
384 1044 509 1104 tradenda
522 1043 658 1115 Antipatro
670 1051 849 1111 eonsensuat3

40 1117 160 1189 eiusque
172 1117 281 1174 consilio
291 1119 476 1179 Demosthenes
489 1135 550 1177 uum
564 1119 665 1184 esteris,
679 1119 727 1190 qui
740 1117 852 1177 beneda

41 1190 184 1262 republica
201 1193 287 1248 meriti
303 1193 538 1258 existimabantur,
561 1191 719 1266 populiseito
735 1193 764 1248 iu
781 1193 852 1248 exsi-

42 1265 116 1322 lium
132 1273 207 1337 erent
222 1267 337 1339 expulsi.
377 1269 469 1340 Neque
489 1268 517 1332 iu
539 1283 572 1324 eo
590 1266 677 1323 solum
699 1267 848 1333 offenderat,

42 1340 122 1413 quod
133 1341 233 1413 patriae
244 1341 313 1398 male
325 1342 505 1410 eonsuluerat,
525 1341 571 1398 sed
587 1341 688 1407 etiam‚'
699 1341 772 1414 qued
784 1343 852 1398 ami-

42 1415 124 1470 citiae
137 1415 216 1482 fidem
231 1433 284 1473 nou
301 1417 471 1489 praestiterat.
511 1421 538 1474 3.
558 1418 681 1488 Namque
693 1423 788 1472 eumue
804 1415 852 1470 ed-

43 1492 175 1563 iusteque
187 1508 203 1546 a
214 1491 388 1550 Demosthene
398 1510 475 1558 eum,
489 1509 571 1564 quem
584 1491 696 1558 tenebu,
710 1489 852 1568 edesendef

42 1573 86 1620 rat
103 1565 233 1640 gradum,
253 1583 339 1639 quum
352 1567 479 1624 adversus
491 1565 629 1625 Charetem
642 1583 705 1625 eum
722 1565 852 1622 suborna-

42 1648 100 1696 ret:
122 1640 157 1698 eb
168 1640 260 1698 eodem
274 1641 301 1706 iq
315 1641 434 1707 iudiciis,
452 1659 539 1713 quum
551 1641 645 1714 capitis
661 1658 768 1698 oausam
781 1639 853 1694 dioe-

43 1723 101 1780 ret‚
123 1713 249 1779 nisaeus
269 1715 409 1791 aliquoties
430 1715 557 1782 liberatus
574 1715 737 1776 discesserat.
775 1716 853 1772 Hune

44 1807 102 1846 non
115 1788 204 1850 selum
217 1790 245 1848 in
258 1790 383 1863 perieulis
399 1808 453 1848 non
466 1789 594 1858 defendit.
613 1789 750 1850 sedetiam
762 1789 853 1864 prodi-

44 1866 97 1920 dit·
138 1867 164 1926 i.
185 1865 305 1924 Concidit
316 1873 404 1926 autem
421 1866 538 1936 maxime
554 1883 609 1924 uno
624 1867 748 1933 erimine,
768 1864 850 1940 quod,

44 1956 135 2012 quum
148 1939 221 2012 epnd
232 1957 295 1998 eum
307 1959 446 2010 summum
458 1949 526 2000 esset
538 1941 680 2014 imperium
693 1941 799 2014 populi,
826 1949 853 2000 et

44 2013 362 2082 Nicanorem,llassendri
372 2014 853 2088 praeisonimiusidiaril'iraesolthe-

45 2089 199 2156 niensium,
217 2090 539 2165 auercyltononeretur,
558 2089 683 2161 idemque
699 2087 849 2161 postularet,

44 2172 78 2220 ut
90 2164 254 2236 provideret,
269 2183 303 2224 ne
314 2165 504 2237 commeatibus
517 2163 610 2223 oiuitas
622 2163 782 2236 privaretur,
797 2163 850 2228 hio,

46 2239 173 2296 audiente
184 2239 294 2312 populo,
313 2241 427 2302 Phocion
440 2258 458 2299 n
508 2239 546 2296 vit
557 2255 615 2298 esse
630 2237 792 2312 periculum,
810 2255 853 2294 se-

45 2333 104 2388 que
114 2314 174 2378 ¹eius
185 2315 223 2370 rei
236 2315 355 2372 obsidem
367 2315 422 2378 lose
433 2315 476 2390 pol
489 2315 566 2372 ioitus
578 2321 627 2372 eet.
665 2316 692 2370 5.
713 2315 806 2388 Neque
817 2313 852 2370 ite

47 2389 135 2446 multo
146 2397 205 2460 post
217 2389 330 2450 Nicanor
342 2389 601 2464 Piraeeoestpotliue·
630 2385 672 2448 Ad
684 2406 765 2464 quem
778 2407 853 2456 reaq-

47 2464 197 2537 perandum
208 2482 294 2536 quum
303 2465 419 2538 populus
429 2472 544 2524 armatus
554 2463 735 2536 eeneunieset
746 2463 791 2520 ille
799 2481 853 2520 non

48 2539 129 2596 modo
145 2539 281 2605 neminem
297 2539 331 2597 ad
348 2559 421 2598 euna
435 2537 548 2606 vocavit,
568 2539 614 2598 sed
624 2557 660 2594 ns
672 2540 779 2600 armatis
791 2538 854 2611 qui-

49 2615 113 2672 dem
124 2631 243 2688 praesse
256 2613 348 2672 voluit.
389 2611 461 2691 [Sine
478 2632 532 2688 que
545 2613 661 2676 Athenae
676 2613 785 2672 omniuo
796 2628 854 2670 esse

50 2707 105 2752 nou
116 2684 249 2766 paueat]
