2054 3232
183 225 512 288 murnentanus.
533 225 618 284 cie.
637 230 675 285 rr.
795 233 822 288 n
901 209 906 214 ’

27 347 52 396 et
60 338 191 394 celeritate
199 338 309 412 ingenii.
334 340 360 393 ll.
373 338 422 392 llic
429 337 684 410 peradelescentulus
694 336 727 394 ad
736 340 828 394 amici-

26 416 92 470 tiam
104 414 212 470 aoeessit
220 411 348 484 Philippi,
359 411 489 486 Amyntae
501 414 558 480 filii,
573 415 700 486 brevique
712 421 827 488 tempore

26 490 55 544 in
77 489 201 544 intimam
217 487 336 560 pervenit
356 485 567 544 familiaritatem.
606 488 736 562 Fulgebat
754 489 827 544 enim

26 564 80 618 iam
94 564 124 620 in
138 561 327 618 adolescentulo
340 561 440 617 indoles
457 563 572 618 virtutis,
612 567 638 618 ὃ.
658 565 749 634 Itaque
764 581 826 618 eum

26 638 123 692 habuit
135 637 169 692 ed
180 654 291 692 manum
303 635 403 705 scribae
415 635 483 692 lccn:
504 637 577 710 qnod
589 637 672 694 multo
680 637 752 710 apud
760 638 827 694 Gra-

26 712 66 766 ios
82 710 298 768 honorificentius
314 717 366 776 eet,
389 729 470 783 quam
491 711 563 784 apud
578 711 718 768 Romanos.
758 713 825 766 Nam

26 787 99 858 apud
111 802 161 842 nes
173 803 275 862 revera,
290 786 358 840 sicut
369 793 445 851 sunt,
460 787 612 842 mercenarii
624 787 725 842 scribae
736 787 827 841 existi-

27 869 150 930 mantur3
176 867 202 916 at
213 859 284 932 apud
296 859 355 914 illos
367 877 383 914 e
394 861 522 919 contrario
533 878 611 916 nemo
623 862 657 919 ad
669 861 697 916 id
709 859 826 916 cilicium

27 935 185 1012 admittitur,
195 935 247 990 nisi
260 935 366 992 honeste
380 933 444 1000 loco,
457 942 483 990 et
495 935 547 990 fide
558 942 583 990 et
595 935 724 992 industria
736 935 827 1010 cogni-

26 1018 66 1066 ta:
81 1009 156 1082 quod
164 1026 268 1066 necesse
276 1016 314 1064 est
322 1009 443 1064 omnium
451 1010 621 1064 consiliorum
630 1027 692 1066 eum
703 1028 759 1064 esse
767 1029 828 1082 par-

26 1085 144 1156 ticipem.
174 1089 201 1140 6.
220 1085 297 1140 Hune
309 1083 395 1140 locum
408 1083 492 1138 tenuit
503 1085 632 1140 amicitiae
643 1085 715 1157 apud
726 1085 830 1158 Philip

26 1177 95 1232 pum
107 1175 191 1214 annes
203 1166 312 1230 septem.
351 1157 400 1212 lllc
412 1157 556 1223 interfecto,
572 1158 663 1212 ecdem
680 1158 765 1231 gradu
777 1158 828 1214 fuit

27 1233 100 1306 apud
109 1232 289 1288 Alexandrum
298 1249 381 1288 annos
390 1231 521 1286 tredecim.
555 1231 828 1306 Novissimotempcre

27 1306 143 1380 praefuit
154 1307 232 1364 etiam
245 1306 338 1362 alterae
350 1307 470 1380 equitum
483 1305 547 1372 alae,
558 1323 627 1378 quae
639 1306 769 1364 Hetaerice
780 1325 828 1380 ap-

27 1383 185 1454 pellabatur.
224 1382 332 1454 Utrique
349 1387 436 1436 autem
452 1380 481 1436 in
498 1381 607 1439 consilio
622 1398 727 1454 semper
743 1381 825 1448 affuit,

28 1466 52 1512 et
64 1457 187 1512 omnium
196 1473 288 1528 ‘rerum
301 1455 407 1511 habitus
419 1462 458 1510 est
469 1455 608 1528 particeps.

81 1533 120 1592 ll.
137 1529 286 1588 Alexandro
297 1529 431 1604 Babylone
442 1537 558 1596 mortuo,
577 1547 663 1604 quum
679 1545 760 1604 regna
771 1529 828 1584 ain-

26 1604 100 1679 gulis
111 1604 288 1660 ,familiaribus
300 1604 508 1677 dispertirentur,
519 1613 543 1660 et
556 1622 662 1660 summa
674 1622 762 1660 rerum
774 1611 829 1660 tra-

26 1681 83 1737 dita
94 1687 164 1736 esset
175 1679 271 1736 tuenda
283 1679 381 1745 eidem,
399 1679 443 1734 cui
455 1679 603 1738 Alexander
615 1679 729 1736 moriens
742 1697 829 1736 annu-

27 1755 86 1810 lum
98 1772 181 1810 suum
193 1753 305 1818 dederat,
320 1753 468 1812 Perdiccae:
506 1757 586 1812 2:01
598 1771 652 1828 quc
662 1771 755 1810 omnes
766 1771 830 1810 con-

27 1831 155 1894 iecerant,
173 1846 261 1884 eumr
295 1845 360 1882 num
377 1829 402 1884 ei
418 1829 628 1895 commendasse,
647 1828 736 1902 quoad
752 1828 828 1884 liberi

27 1905 85 1958 eius
97 1904 127 1958 in
140 1921 217 1960 suam
229 1911 284 1957 tute
294 1920 338 1957 am
349 1911 543 1974 pervenissent:
557 1903 674 1976 (aberant
685 1905 757 1960 enim
766 1903 830 1960 Cra-

28 1987 100 2034 terus
120 1985 147 2032 et
163 1977 311 2048 Antipater,
332 1977 381 2050 qui
392 1975 547 2035 'antecedere
563 1979 636 2034 hunc
656 1979 826 2032 videbantur:

27 2061 151 2108 mortuus
163 2051 387 2124 eratHephaestic,
402 2069 482 2124 quem
495 2069 581 2108 unum
590 2051 746 2116 Alexander,
757 2049 829 2122 quod

28 2127 104 2183 facile
115 2125 228 2202 intelligi
236 2133 331 2198 posset,
340 2125 451 2198 plurImi
459 2125 574 2198 fecerat),
588 2125 638 2180 hoe
646 2133 761 2196 tempore
769 2125 828 2179 data

27 2210 65 2258 est
76 2201 194 2256 Eumeni
208 2201 383 2274 Cappadocia,
392 2201 457 2262 ¹sire
469 2200 557 2274 potius
573 2197 648 2254 dieta.
690 2201 758 2254 Nam
770 2206 828 2253 tum

27 2279 54 2334 in
67 2276 189 2332 hostium
201 2283 255 2332 erat
266 2283 399 2348 potestate.
436 2279 463 2330 3.
483 2277 560 2330 Hunc
572 2274 624 2328 sibi
636 2273 770 2328 Perdiccas
783 2273 830 2328 ad-

28 2353 153 2408 iunxerat
164 2367 261 2422 magno
273 2349 369 2415 studio,
379 2349 452 2422 quod
464 2349 492 2404 in
504 2349 612 2404 homine
625 2347 704 2402 iidem
713 2355 738 2402 et
750 2347 830 2404 indu-

28 2427 122 2484 striam
134 2443 261 2498 magnam
273 2425 390 2482 videbat:
416 2441 470 2480 non
483 2425 621 2491 dubitans,
639 2423 663 2478 si
675 2441 737 2480 eum
749 2423 831 2496 pelle-

27 2502 126 2564 xisset,
145 2516 242 2572 magne
253 2500 316 2556 usui
328 2497 383 2556 lore
394 2499 447 2554 sibi
460 2499 488 2556 in
501 2499 544 2554 his
556 2499 649 2565 rebus,
669 2515 736 2572 quas
749 2497 830 2569 adpa-

28 2577 112 2631 rabat.
153 2573 289 2647 cogitabat
305 2575 389 2640 enim,
413 2573 486 2646 quod
502 2573 555 2630 fere
571 2589 663 2630 omnes
680 2573 708 2628 in
724 2572 829 2644 magnis

29 2647 149 2722 imperiis
162 2649 362 2724 concupiscunt,
381 2649 502 2704 emnium
514 2655 600 2720 partes
612 2648 739 2720 corripere
752 2653 831 2716 atque

29 2721 192 2860 corrcapleetiiq
218 2725 244 2780 l.
264 2725 355 2798 Neque
367 2739 430 2781 vero
441 2723 491 2786 hoo
502 2722 547 2786 itte
559 2721 631 2782 sclua
642 2721 716 2864 {ecit
730 2718 777 2775 sed
788 2735 832 2792 ee-

88 2816 146 2856 crnt.
192 2815 231 2855 er.
407 2833 409 2838 ·
679 2843 684 2850 .
