2058 3234
193 181 216 242 r.
234 180 457 243 urinianns.
479 179 563 242 etr.
584 183 632 240 rv.
653 182 686 241 v.
824 166 852 248 a

22 314 82 352 sus
96 292 215 352 Athenas
229 292 397 368 demigravit.
437 291 520 350 Cuius
533 291 599 350 ratio
612 290 661 349 etsi
675 309 727 350 nou
746 291 840 361 valuit,

24 380 125 426 nmen
136 387 296 444 magnopere
304 367 492 432 attenuanda,
505 384 590 439 quum
599 367 707 425 amicior
719 369 840 428 omnium

25 446 160 511 libertati,
173 463 256 518 quam
265 461 329 500 suaa
337 443 415 500 luerit
425 441 610 501 dominationi.

89 521 127 577 IV
131 561 137 575 .
159 520 450 591 harimautem,quum
460 535 494 574 ox
502 517 608 588 Europa
618 518 645 573 in
656 514 747 574 Asiam
758 517 841 574 redis-

27 603 85 662 set,
99 595 269 653 hortantibus
277 594 385 660 amieis,
400 592 576 652 utGraeuiam
586 591 715 666 redigeret
724 593 752 650 in
763 611 840 653 suam

28 679 199 744 potestatem,
211 668 397 742 classemquin
417 675 540 726 enarum
549 667 660 725 narium
669 670 839 740 dampnavit,

29 748 115 819 eique
123 747 211 800 Datim
225 743 347 817 praeiaoit
360 751 385 800 et
431 743 596 815 taphornam3
605 811 607 816 ,
617 742 715 816 hisque
728 743 840 804 ducenta

30 822 170 894 pediturn,
183 820 271 878 noan
282 819 367 874 millia
374 819 496 892 equitum
508 817 592 876 dedit:
614 819 841 879 andainense·

31 914 106 962 rens,
118 896 259 951 sebastem
269 893 544 961 essahtbeniensihua,
556 893 630 966 quod
639 911 730 953 eorum
740 895 840 953 auxilio

32 974 111 1028 lones
121 971 217 1030 Sardes
226 977 435 1045 expugnassent,
446 986 548 1042 saraque
557 969 841 1041 praesidebamus
952 1035 954 1046 ‚

31 1055 104 1102 sent.
130 1050 157 1104 2.
169 1045 211 1102 illi
220 1045 341 1118 pmataoti
350 1045 426 1119 regii,
438 1043 520 1101 elassa
530 1044 564 1100 ad
572 1045 708 1103 Euboeam
718 1046 839 1118 appulsa,

31 1121 154 1176 celeriter
163 1121 291 1196 Eretriam
300 1127 437 1194 oeperunt,
452 1137 598 1194 omnesque
607 1119 665 1178 eius
673 1122 759 1196 gantis
768 1122 840 1179 eires

32 1197 161 1269 abreptae
168 1196 198 1252 in
206 1195 298 1252 Asiam
308 1195 342 1252 ad
351 1213 440 1270 rugam
449 1195 589 1254 misemnt.
609 1195 717 1252 Indead
726 1195 839 1255 Atticam

33 1280 215 1338 adcesserunt,
232 1289 263 1330 aa
274 1289 337 1328 suas
350 1269 439 1343 oopias
453 1269 482 1326 in
495 1287 620 1342 eampum
629 1271 781 1328 Marathona
794 1271 840 1329 da·

33 1348 182 1404 duxerunt.
220 1341 246 1402 ls
260 1347 333 1404 abest
347 1345 381 1402 ah
395 1345 493 1418 oppido
506 1346 607 1402 eir-aiter
617 1341 701 1402 millia
710 1364 839 1418 passuum

34 1424 138 1481 deonna.
178 1427 204 1478 3.
224 1423 278 1478 lieo
295 1419 413 1480 tumultu
425 1419 599 1476 Athenienses
618 1427 671 1477 tam
689 1421 840 1494 propinquo

33 1507 146 1570 tamque
155 1515 252 1572 magno
260 1496 385 1570 permoti,
397 1494 530 1552 auxilium
540 1509 687 1567 nusquam,
702 1496 755 1552 nisi
766 1497 841 1573 aba·

33 1570 631 1645 oodaemoniis‚petiverunt,Phidippidemque
639 1587 772 1628 cursorem
782 1571 840 1628 eius

32 1648 152 1723 generis,
167 1649 214 1720 qui
222 1645 400 1722 ἣμεροδρόμω
408 1653 544 1712 venantur,
555 1645 776 1702 Laoedaemonem
788 1647 840 1706 ml-

33 1731 143 1788 sarunt,
159 1731 189 1778 ut
207 1723 351 1788 nuntiaret,
372 1737 454 1794 quam
467 1720 544 1776 aeleri
558 1738 625 1794 opus
643 1728 712 1780 osset
728 1721 838 1778 auxilio.

35 1804 61 1855 t.
84 1799 162 1853 Domi
177 1806 264 1854 autem
277 1795 471 1853 ereantdemm
481 1803 624 1868 praetores,
646 1797 694 1869 qui
713 1797 840 1858 exeruitui

34 1881 200 1948 praesumat,
221 1873 250 1928 in
264 1873 303 1928 eis
317 1871 471 1929 Miltiadem.
510 1873 580 1928 Inter
593 1888 660 1944 quos
674 1889 771 1946 magna
790 1872 841 1929 luit

35 1948 181 2013 annuntio,
197 1955 288 2003 utrum
298 1947 437 2006 moenibus
446 1963 476 2002 se
488 1945 667 2012 defenderent,
684 1965 719 2004 au
732 1947 840 2005 obuiam

36 2023 245 2089 iranthostihua
257 2021 550 2096 ahisquedeoernerent.
580 2025 606 2076 5.
625 2021 699 2080 Unus
709 2021 839 2078 Miltiades

36 2097 157 2155 maxime
168 2098 311 2164 nitebatur,
325 2105 356 2153 nt
364 2098 451 2170 primo
460 2111 567 2168 quoque
577 2102 691 2167 mmpore
701 2104 783 2155 eastra
793 2097 840 2154 fie-

36 2181 106 2230 rent.
145 2173 175 2228 ld
190 2173 217 2228 si
227 2172 325 2232 laetum
338 2180 418 2238 esset,
434 2178 461 2228 et
472 2170 578 2229 oivihus
590 2171 712 2228 animum
720 2189 840 2230 aceessu-
869 2177 876 2190 '

36 2245 840 2388 {minitantiumtltttttttttit

37 2400 96 2456 deri
107 2398 232 2457 adversus
242 2415 271 2456 so
279 2405 333 2455 tam
342 2398 447 2473 exiguis
457 2397 539 2470 eopiia
549 2397 683 2455 dimicare.

95 2475 128 2532 V.
147 2475 201 2530 lion
215 2473 244 2529 in
258 2480 374 2546 tempore
388 2471 462 2529 nulla
475 2473 567 2530 divitas
576 2470 782 2530 Atheniensibus
792 2490 840 2530 au-

39 2550 106 2607 xilio
114 2547 164 2604 tuit
173 2555 274 2621 praetor
283 2549 454 2608 Plataeenses.
493 2549 532 2604 Ea
541 2547 614 2604 mille
628 2547 703 2604 misit
711 2548 837 2605 militum.

40 2629 133 2698 ltaque
145 2624 240 2680 horum
253 2623 370 2682 aduentu
383 2623 471 2680 deuant
485 2623 570 2685 millia
589 2634 747 2686 armatorum
768 2639 840 2680 oom-

39 2701 109 2778 pleta
121 2707 197 2762 aunt:
218 2717 288 2772 quaa
306 2717 402 2756 manus
421 2695 538 2756 mirabili
556 2697 681 2774 flagrabat
700 2695 838 2772 pugnandi
