2058 3234
184 210 232 268 vl.
253 207 469 266 Ltsnunnu.
490 207 572 265 CAP=
593 209 631 264 ΙΙ.
652 210 705 264 111.
808 211 842 266 25
883 203 889 212 '
925 221 929 230 ’

22 325 148 390 temque
157 319 278 375 omnium
288 337 377 376 rerum
387 319 566 374 committeret.
600 320 700 374 Horum
710 317 739 372 in
748 334 843 372 nume-
903 323 906 330 '

23 411 99 448 rum
111 411 191 449 nemo
201 395 397 464 admittebatur,
414 395 467 450 uisi
477 393 525 467 qui
535 400 580 448 eut
589 393 648 462 eius
656 393 842 464 hospitiooon-

24 469 176 534 tineretur,
187 478 233 524 aut
241 488 269 524 se
278 469 351 525 iilius
359 469 413 525 sore
422 469 559 542 proprium
569 468 620 524 fide
629 467 805 524 confirmaret.

92 545 129 598 11.
151 545 189 599 lte
207 543 375 600 decemvirali
392 551 516 618 potestate
534 544 563 599 in
581 543 706 599 omnibus
728 543 842 598 urbibus

25 617 194 685 constituta,
215 619 300 692 ipsius
313 627 381 676 nutu
394 621 484 675 omnia
501 619 668 694 gerebantur.
707 617 791 674 Cuius
809 617 842 674 dc

26 691 194 749 crudelitate
206 712 238 750 ac
249 695 360 768 perfidie
369 696 433 750 setis
442 702 481 750 est
490 712 572 750 unam
587 711 643 750 rem
657 693 772 766 exempli
781 711 843 768 gra-

26 770 70 823 tia
82 766 250 840 proterrere
259 771 293 826 de
300 770 390 826 eedem
399 769 476 844 plura
484 769 662 826 enumerando
670 769 842 844 defatigemus

28 843 159 898 lectores.
197 847 224 902 2.
245 845 332 903 Victor
344 862 378 902 ex
391 845 454 901 Asia
472 861 558 918 quum
571 853 754 911 reverteretur,
773 844 843 901 Tha-

29 935 158 991 sumque
167 917 331 986 devertisset,
347 920 419 994 quod
432 938 462 976 ee
475 921 567 978 civitas
576 921 715 994 praecipua
726 919 778 975 fide
786 917 843 974 fue-

29 1002 77 1049 rat
87 1010 154 1068 erga
163 995 347 1062 Athenienses,
362 995 472 1068 proinde
482 997 544 1051 acsi
554 995 634 1052 iidem
644 995 844 1050 firmissimiso-

30 1069 125 1123 lerant
134 1085 191 1124 esse
200 1071 291 1136 amici,
308 1069 355 1144 qui
369 1077 515 1126 constantes
529 1069 640 1126 inissent
654 1070 769 1136 inimici,
785 1085 843 1124 eam

30 1151 190 1216 pervertere
202 1145 362 1217 conmrpivit.
402 1149 427 1200 3.
449 1145 521 1202 Vidit
533 1152 634 1208 autem,
650 1145 702 1200 nisi
716 1145 745 1200 in
758 1161 789 1200 ec
801 1160 844 1199 oo-

32 1219 350 1286 cultassetvoluntatem,
366 1218 500 1286 futurum,
516 1227 546 1275 ut
555 1220 645 1276 Thasii
654 1219 841 1284 dilaberentur,

34 1292 262 1368 consulerentque
272 1295 352 1351 rebus
361 1295 428 1350 suis.
469 1293 661 1368 ltaque****

302 1370 587 1442 (Desuntnoapnaca.)

97 1443 145 1499 111.
166 1444 256 1517 Itaque
266 1444 294 1500 hi
303 1444 503 1501 decemviralem
516 1451 666 1516 potestatem
680 1443 714 1499 ab
727 1442 772 1498 itto
782 1459 843 1497 con·

36 1519 163 1574 stitutam
175 1519 348 1576 sustulerunt.
387 1519 446 1587 Quo
459 1519 548 1576 dolore
560 1519 697 1582 incensus,
713 1517 773 1572 iniit
782 1533 845 1572 oon-

36 1593 117 1660 silia,
139 1611 213 1668 reges
226 1595 490 1652 Lacedaemoniorum
504 1591 602 1649 tollere.
641 1592 693 1648 Sed
708 1593 843 1657 sentiebat,

36 1669 69 1724 id
80 1685 111 1724 se
120 1669 355 1742 sincopeldeorum
368 1667 451 1726 iacere
465 1688 517 1726 non
531 1686 621 1742 posse,
636 1667 709 1740 quod
718 1667 847 1723 Lacedae-

38 1743 129 1800 monii
138 1746 227 1814 omnia
237 1745 271 1801 ed
284 1744 388 1802 oracula
397 1744 492 1801 referre
505 1750 702 1801 consueverant.
741 1747 768 1800 2.
789 1741 846 1798 Pri-

39 1837 122 1876 mum
132 1819 244 1892 Delphos
257 1837 425 1893 corrumpere
437 1831 476 1876 est
489 1827 607 1876 conatus.
646 1818 736 1886 Quum
749 1817 778 1872 id
792 1834 845 1872 non

39 1895 186 1968 potuisset,
200 1896 335 1952 Dodonmn
349 1895 455 1952 adortus
470 1903 518 1950 est.
533 1937 542 1944 a.
557 1893 624 1950 Hine
636 1910 744 1966 quoque
757 1891 847 1965 repul·

41 1989 101 2036 sus,
114 1969 183 2024 dixit
191 1987 220 2025 se
230 1980 287 2028 vcta
297 1971 457 2044 suscepisse,
468 1987 537 2044 quae
546 1969 602 2026 Iovi
611 1968 751 2024 Hammoni
761 1967 847 2023 solve-

41 2044 502 2110 ret,existimanssertirosiecilius
511 2051 707 2117 corrupturum.
747 2045 773 2097 3.
793 2043 848 2096 Hac
907 2078 909 2082 -

41 2137 92 2193 spe
101 2136 189 2192 quum
199 2119 327 2192 proiectus
336 2127 403 2176 esset
413 2123 440 2176 in
451 2119 582 2185 Africam,
597 2118 713 2174 multum
727 2133 789 2172 eum
799 2133 848 2172 an-

44 2195 140 2250 tistites
160 2195 229 2252 lovis
250 2195 404 2252 fefellerunt.
442 2197 511 2251 Nam
530 2211 583 2250 non
603 2192 689 2250 solum
713 2191 856 2264 corrumpi

43 2289 99 2327 non
109 2278 264 2343 potuerunt,
282 2271 416 2328 sedetiam
430 2269 529 2346 legatos
538 2267 757 2325 Lacedaemonem
768 2267 848 2323 mise-

43 2353 124 2410 runt,
140 2347 188 2417 qui
199 2345 368 2419 Lysandrum
377 2352 542 2412 accusarent,
558 2343 630 2418 quod
639 2343 784 2400 sacerdotes
794 2341 848 2398 iani

45 2436 215 2491 corrumpere
227 2427 335 2475 conatus
343 2427 419 2492 esset.
458 2423 485 2477 t.
505 2420 650 2484 Accusamus
663 2419 714 2476 hcc
726 2419 846 2484 crimine,

45 2495 222 2568 iudicumque
236 2493 372 2550 absolutus
386 2495 536 2563 sententiis,
552 2495 735 2554 Orchomeniis
748 2495 848 2550 missus

46 2569 183 2636 subsidio,
199 2569 301 2626 occisus
316 2577 356 2625 est
370 2571 528 2628 aThebanis
541 2571 614 2646 apud
622 2570 782 2626 Haliartum.
820 2571 846 2621 ὅ.

46 2645 136 2713 Quam
146 2645 212 2702 'vere
224 2644 257 2700 de
271 2661 302 2702 eo
320 2643 385 2701 foret
399 2645 559 2715 iudicatum,
580 2645 661 2702 oratio
674 2644 771 2700 indicio
788 2641 847 2707 tuit,

47 2721 342 2796 quaepostmortemin
352 2720 497 2780 domceius
507 2728 607 2795 reperta
620 2727 671 2788 est,
687 2719 715 2774 in
725 2733 848 2792 quasue-
922 2723 927 2732 ‘
