2058 3234
227 487 639 555 PRAEFAMEN

31 655 81 704 DE
111 652 318 706 CORNELIO
344 655 396 703 ΕΤ
422 654 502 706 HAG
530 657 714 711 VITABUM
743 655 835 709 EIUS

322 773 541 824 EDITIONE.

97 1049 256 1144 Cornelius
272 1062 375 1136 Nepos
393 1063 524 1135 esquelio
542 1063 597 1121 fuit
614 1061 761 1136 Ciceroni,
780 1063 835 1122 At-

32 1165 105 1238 tico,
130 1163 261 1236 Catullo,
284 1172 314 1222 et
331 1181 398 1222 eum
415 1163 460 1220 his
478 1163 549 1239 ipsis
566 1165 670 1225 intime
687 1165 836 1222 familiari·

33 1274 94 1324 tale
111 1264 294 1337 coniunctus,
310 1264 443 1338 vixitque
461 1263 550 1340 igilur
567 1275 597 1324 et
612 1265 681 1324 Iulii
700 1264 835 1334 Caesaris

35 1376 63 1424 el
81 1365 239 1426 Octaviani
255 1365 384 1441 Augusti
401 1365 591 1440 temporibus.
631 1365 719 1426 Unde
738 1366 836 1424 oriun-

36 1469 89 1526 dus
104 1468 200 1540 fuerit,
215 1487 276 1526 non
290 1475 371 1525 certo
385 1466 477 1540 liquet
493 1466 572 1540 apud
586 1466 753 1542 scriptores.
775 1467 835 1525 Pli-

34 1571 100 1627 niue
116 1569 193 1628 Padi
210 1571 347 1646 eeoolem
359 1567 443 1640 elicit,
470 1567 835 1642 eliiNoso-Oomensem,

35 1671 85 1729 ulii
98 1669 460 1741 Veroneneem;·Vossius
477 1669 639 1744 Hostiliae,
656 1671 723 1729 vieo
740 1671 835 1730 Vero·

35 1773 182 1846 nensium‚
204 1780 306 1830 nalum
328 1789 391 1840 esse
408 1770 571 1845 iudicabat,
593 1772 750 1830 historiens
771 1771 835 1830 illo-

35 1893 99 1932 rum
115 1875 211 1950 ipsos,
234 1893 252 1932 e
268 1873 404 1944 Beeello',
426 1871 643 1940 veronensium
662 1873 836 1932 cancellario

36 1977 184 2049 collectos,
203 1984 328 2036 secutus.
363 1975 476 2034 Romae
494 1975 662 2060 einoldubio
681 1976 837 2050 plurimum

35 2077 175 2152 temporie
198 2076 300 2153 degit,
313 2075 453 2134 historiae
475 2076 572 2134 studio
594 2077 680 2134 uniee
703 2076 834 2147 deditus3

36 2177 222 2252 magistretue
260 2177 379 2236 omnino
417 2177 514 2234 nullos
549 2176 675 2254 gessisse
709 2175 835 2236 videtur.

37 2275 159 2354 Scriptis
183 2278 245 2338 suis
263 2280 489 2354 praecellentem
511 2285 541 2336 et
561 2277 638 2338 inter
659 2297 786 2338 eoeevos
808 2287 838 2338 et

37 2388 140 2454 postes
163 2379 271 2440 semem
293 2388 337 2438 esl
358 2389 545 2453 consecutum
573 2399 631 2455 quo
654 2381 748 2457 magis
771 2399 838 2455 pro·

39 2482 115 2540 seete
140 2481 299 2540 dolendum
322 2490 379 2555 eet,
403 2484 543 2558 pleraque
565 2483 628 2542 eius
650 2491 702 2566 aul
721 2483 837 2542 interei-

40 2583 126 2656 dism,
141 2590 193 2642 out
206 2591 239 2642 ut
253 2601 292 2642 ex
304 2584 434 2656 latebris,
453 2585 559 2660 quibus
575 2587 755 2656 occuluntur,
770 2601 838 2659 pro·

41 2685 144 2760 direnl,
153 2685 285 2746 nondum
301 2704 386 2774 sunm
393 2686 543 2764 Angelum
555 2688 667 2748 Maium
681 2685 838 2747 invenisse.
