2054 3232
54 179 61 199 ⁸
95 209 579 276 xv.ueln1NONnAs.cne.
600 212 681 272 vru.
701 215 756 272 rx.
794 222 827 274 oe

16 329 100 413 sibus
119 326 233 393 diutim,
258 341 341 399 quam
358 323 474 398 populus
493 323 616 390 iusserat,
641 325 723 398 gessit
743 325 828 399 impc-

17 420 149 535 ruenpm.
169 478 311 550 Postquam
325 474 435 532 domum
449 473 563 530 reditum
574 481 625 540 est,
641 474 755 548 collegae
768 477 827 532 eins

17 553 71 608 hoo
90 553 202 608 crimine
219 550 418 608 accusabantur.
457 548 562 618 Quibus
582 548 626 604 ille
645 551 777 622 permisit,
797 561 828 608 ut

16 645 131 684 omnem
141 645 248 682 causam
258 627 286 682 in
296 644 324 680 se
334 623 515 689 transferrent,
531 621 634 696 solaque
642 642 718 697 opera
729 625 827 682 lactum

17 703 220 768 contenderent,
242 710 272 756 nt
286 701 338 788 legi
351 717 405 756 non
418 700 562 756 obedirent.
602 697 659 766 Qua
677 699 827 758 defensione

17 779 75 834 illis
89 777 210 852 periculo
222 777 352 842 liberatis,
367 791 446 830 nemo
458 773 671 848 Epaminondam
685 794 827 850 responsu-

17 873 82 909 rum
92 853 216 926 putabat,
228 851 313 924 qucd,
326 849 393 923 quid
402 850 511 917 diceret,
526 867 580 906 non
590 850 706 926 haberet.
745 855 772 910 2.
792 852 827 908 At

18 930 65 984 ille
78 929 109 984 in
123 927 253 984 iudicium
268 927 353 982 venit:
375 925 443 980 nibil
457 943 549 984 eorum
563 927 682 1001 negavit,
698 945 767 1000 quae
780 927 828 982 ad-

17 1003 134 1062 versarii
144 1001 249 1060 crimini
258 1001 369 1067 dabant,
381 1001 538 1074 omniaque,
549 1019 618 1074 quac
628 1001 742 1076 collegae
751 1003 828 1060 dixe-

17 1091 94 1146 rant,
112 1075 249 1134 conlessns
262 1084 314 1143 est,
330 1093 417 1149 neque
430 1077 574 1142 recusavit,
590 1095 644 1150 quc
658 1079 749 1132 minus
760 1078 827 1152 legis

17 1171 134 1226 poenam
145 1153 259 1221 subiret,
279 1151 327 1208 scd
336 1169 423 1206 unum
432 1151 466 1207 ab
476 1151 510 1206 iis
518 1151 620 1224 petivit,
632 1159 662 1206 ut
672 1153 699 1206 in
709 1153 827 1224 periculo

15 1247 70 1285 suo
89 1228 277 1284 inscriberent:
308 1231 335 1283 3.
354 1227 549 1296 Epaminondae
567 1245 585 1282 c
602 1229 727 1283 menanti
745 1239 827 1284 morte

17 1309 149 1360 multatae
157 1313 207 1370 eet,
219 1307 287 1374 qaod
298 1321 339 1359 ece
349 1306 431 1372 coepit
439 1305 511 1371 apud
518 1303 631 1358 Leuctra
639 1318 764 1370 ecpmcre
773 1305 827 1359 Ln-

18 1383 209 1444 ceddemenios,
218 1397 282 1449 quos
291 1387 351 1434 ante
360 1396 387 1434 se
397 1383 577 1446 imperatorem
587 1377 827 1432 nemoBoeettornm
906 1414 910 1427 ,

18 1473 103 1510 ausus
117 1458 169 1524 {nit
182 1457 316 1523 adspicere
329 1459 358 1509 in
375 1457 447 1523 ocie,·
475 1454 502 1508 l.
522 1455 639 1524 quodque
657 1468 709 1506 nnc
725 1455 827 1520 proelio

17 1531 171 1586 noneolnm
181 1530 827 1593 iitebaenbintetitnretraniteedeticmnnicer-

17 1623 76 1660 eam
90 1604 232 1660 Graeciam
246 1607 274 1659 in
285 1607 427 1660 libertatem
435 1607 591 1668 vindicavit,
606 1619 685 1674 ecque
697 1619 740 1658 res
752 1610 827 1658 ntro-

17 1697 133 1750 rumqne
139 1683 276 1748 perducit,
287 1687 316 1732 nt
327 1681 443 1734 Thebani
448 1677 573 1748 Sportm
582 1679 828 1750 oppnqnerentdm-

19 1757 257 1811 eedacmcniisatie
266 1756 399 1819 baberent,
414 1757 516 1809 doctri
527 1761 706 1823 essepcseent:
734 1756 761 1809 t.
781 1771 828 1809 ne·

20 1849 68 1900 que
75 1835 158 1900 price
168 1832 265 1884 bettore
274 1833 384 1893 destitit,
399 1845 477 1900 quam
485 1829 599 1887 Messene
608 1835 729 1886 restituta
739 1831 828 1884 urbem

19 1923 113 1961 acrum
131 1907 262 1959 obsidione
282 1907 385 1958 clausit.
421 1904 490 1958 llaec
508 1921 594 1976 quum
612 1904 735 1969 dixisset,
756 1905 827 1960 risus

19 1981 146 2036 omnium
161 1995 223 2034 cum
236 1977 366 2034 hilaritate
384 1985 486 2033 coortus
504 1985 556 2034 est:
577 1997 664 2051 neque
681 1979 826 2052 quisquam

21 2056 105 2112 iudex
118 2071 202 2110 ausus
216 2059 255 2109 est
269 2053 302 2109 de
315 2071 345 2109 eo
358 2051 425 2109 ferre
438 2053 605 2127 suffragium.
644 2053 715 2123 Sica
729 2053 827 2108 iudicio

19 2131 116 2204 capitis
128 2128 247 2185 maxima
256 2128 375 2184 discessit
383 2128 477 2202 gloria.

75 2205 128 2262 IX.
140 2205 190 2260 Hic
198 2211 313 2260 extremo
321 2211 436 2275 tempora
445 2203 584 2275 imperator
592 2201 828 2275 apudblantineam

19 2297 110 2356 quum
124 2280 181 2336 acie
195 2280 321 2336 instructa
334 2279 460 2336 audacius
470 2279 578 2334 instaret
585 2278 721 2344 hostibus,
736 2279 829 2352 cogni-

19 2367 63 2414 tus
74 2355 321 2422 aLacedaemoniis,
328 2355 401 2428 quod
410 2355 438 2410 in
447 2355 528 2410 unius
538 2354 653 2428 pernicie
662 2354 720 2410 eius
729 2355 829 2426 patriae

20 2433 102 2490 eitam
110 2431 240 2506 putabant
249 2430 375 2498 salutem,
390 2430 509 2487 universi
519 2430 547 2486 in
557 2448 642 2486 unum
652 2430 781 2503 impetum
790 2429 829 2485 le-

20 2515 131 2574 cerrmt,
147 2506 318 2579 nequeprius
328 2506 522 2573 abscesserunt,
535 2524 631 2580 quam,
643 2524 740 2580 magna
750 2503 829 2560 caede

19 2584 88 2640 lacta
98 2581 246 2655 multisque
256 2582 358 2649 occisis,
368 2580 509 2638 fortissime
517 2581 607 2655 ipsum
615 2578 827 2654 Epaminondam

20 2665 203 2735 pugnantem,
219 2675 296 2730 sparo
306 2657 411 2714 ominus
420 2675 589 2730 percussum,
605 2655 740 2712 concidere
753 2653 828 2710 vide-

20 2742 96 2793 runt.
137 2737 165 2793 2.
185 2732 271 2790 Huius
285 2749 348 2789 casu
362 2731 529 2806 aliquantum
542 2731 663 2788 retardati
677 2729 828 2787 suntllcec·
