<?xml version="1.0" encoding="UTF-8"?>
<!DOCTYPE html PUBLIC "-//W3C//DTD XHTML 1.0 Transitional//EN"
    "http://www.w3.org/TR/xhtml1/DTD/xhtml1-transitional.dtd">
<html xmlns="http://www.w3.org/1999/xhtml" xml:lang="en" lang="en">
 <head>
  <title>
</title>
<meta http-equiv="Content-Type" content="text/html;charset=utf-8" />
  <meta name='ocr-system' content='tesseract 3.04.00' />
  <meta name='ocr-capabilities' content='ocr_page ocr_carea ocr_par ocr_line ocrx_word'/>
</head>
<body>
  <div class='ocr_page' id='page_1' title='image "./corneliinepotis23nepogoog_0077.png"; bbox 0 0 2058 3234; ppageno 0'>
   <div class='ocr_carea' id='block_1_1' title="bbox 183 201 937 272">
    <p class='ocr_par' dir='ltr' id='par_1_1' title="bbox 183 201 937 272">
     <span class='ocr_line' id='line_1_1' title="bbox 183 201 937 272; baseline 0.015 -11"><span class='ocrx_word' id='word_1_1' title='bbox 183 203 248 264; x_wconf 86' lang='lat' dir='ltr'>XV.</span> <span class='ocrx_word' id='word_1_2' title='bbox 268 201 562 262; x_wconf 73' lang='lat' dir='ltr'><strong>EPAMINONDAS.</strong></span> <span class='ocrx_word' id='word_1_3' title='bbox 583 204 666 262; x_wconf 84' lang='lat' dir='ltr'>CAP.</span> <span class='ocrx_word' id='word_1_4' title='bbox 686 208 708 263; x_wconf 93' lang='grc' dir='ltr'>Ι.</span> <span class='ocrx_word' id='word_1_5' title='bbox 813 213 845 266; x_wconf 80' lang='grc'>63</span> <span class='ocrx_word' id='word_1_6' title='bbox 925 261 937 272; x_wconf 89' lang='grc'>.</span> 
     </span>
    </p>
   </div>
   <div class='ocr_carea' id='block_1_2' title="bbox 34 313 888 1663">
    <p class='ocr_par' dir='ltr' id='par_1_2' title="bbox 34 313 888 1663">
     <span class='ocr_line' id='line_1_2' title="bbox 34 313 847 392; baseline 0.001 -20"><span class='ocrx_word' id='word_1_7' title='bbox 34 322 132 392; x_wconf 84' lang='lat' dir='ltr'>genter</span> <span class='ocrx_word' id='word_1_8' title='bbox 143 319 224 369; x_wconf 87' lang='lat' dir='ltr'>notat.</span> <span class='ocrx_word' id='word_1_9' title='bbox 262 315 322 386; x_wconf 90' lang='lat' dir='ltr'>lpso</span> <span class='ocrx_word' id='word_1_10' title='bbox 332 321 419 368; x_wconf 85' lang='lat' dir='ltr'>eutem</span> <span class='ocrx_word' id='word_1_11' title='bbox 434 313 600 387; x_wconf 89' lang='lat' dir='ltr'>colloquendi</span> <span class='ocrx_word' id='word_1_12' title='bbox 615 314 658 370; x_wconf 87' lang='lat' dir='ltr'>die</span> <span class='ocrx_word' id='word_1_13' title='bbox 671 316 790 388; x_wconf 84' lang='lat' dir='ltr'>utrique,</span> <span class='ocrx_word' id='word_1_14' title='bbox 808 317 847 374; x_wconf 90' lang='lat' dir='ltr'>lo·</span> 
     </span>
     <span class='ocr_line' id='line_1_3' title="bbox 35 387 844 462; baseline 0.001 -16"><span class='ocrx_word' id='word_1_15' title='bbox 35 409 103 446; x_wconf 88' lang='lat' dir='ltr'>cum</span> <span class='ocrx_word' id='word_1_16' title='bbox 113 389 164 462; x_wconf 89' lang='lat' dir='ltr'>qui</span> <span class='ocrx_word' id='word_1_17' title='bbox 173 387 338 460; x_wconf 75' lang='lat' dir='ltr'>explorarent</span> <span class='ocrx_word' id='word_1_18' title='bbox 351 395 430 462; x_wconf 89' lang='lat' dir='ltr'>atque</span> <span class='ocrx_word' id='word_1_19' title='bbox 444 389 515 460; x_wconf 90' lang='lat' dir='ltr'>ipsos</span> <span class='ocrx_word' id='word_1_20' title='bbox 525 397 711 455; x_wconf 76' lang='lat' dir='ltr'>scrutarentur,</span> <span class='ocrx_word' id='word_1_21' title='bbox 727 392 844 448; x_wconf 87' lang='lat' dir='ltr'>mittunt.</span> 
     </span>
     <span class='ocr_line' id='line_1_4' title="bbox 36 463 846 538; baseline -0.001 -16"><span class='ocrx_word' id='word_1_22' title='bbox 36 472 64 522; x_wconf 81' lang='grc'>3.</span> <span class='ocrx_word' id='word_1_23' title='bbox 87 465 190 520; x_wconf 81' lang='lat' dir='ltr'>Deinde</span> <span class='ocrx_word' id='word_1_24' title='bbox 200 463 251 535; x_wconf 91' lang='lat' dir='ltr'>ipsi</span> <span class='ocrx_word' id='word_1_25' title='bbox 261 471 323 518; x_wconf 86' lang='lat' dir='ltr'>sunt</span> <span class='ocrx_word' id='word_1_26' title='bbox 335 464 479 537; x_wconf 81' lang='lat' dir='ltr'>congressi.</span> <span class='ocrx_word' id='word_1_27' title='bbox 518 464 567 518; x_wconf 90' lang='lat' dir='ltr'>llic</span> <span class='ocrx_word' id='word_1_28' title='bbox 580 481 666 536; x_wconf 91' lang='lat' dir='ltr'>quum</span> <span class='ocrx_word' id='word_1_29' title='bbox 680 463 846 538; x_wconf 86' lang='lat' dir='ltr'>aliquamdiu</span> 
     </span>
     <span class='ocr_line' id='line_1_5' title="bbox 36 537 847 613; baseline -0.001 -17"><span class='ocrx_word' id='word_1_30' title='bbox 36 559 67 596; x_wconf 87' lang='lat' dir='ltr'>:n</span> <span class='ocrx_word' id='word_1_31' title='bbox 83 539 218 612; x_wconf 87' lang='lat' dir='ltr'>colloquio</span> <span class='ocrx_word' id='word_1_32' title='bbox 231 537 355 604; x_wconf 86' lang='lat' dir='ltr'>luissent,</span> <span class='ocrx_word' id='word_1_33' title='bbox 371 546 397 593; x_wconf 88' lang='lat' dir='ltr'>et</span> <span class='ocrx_word' id='word_1_34' title='bbox 409 538 509 594; x_wconf 85' lang='lat' dir='ltr'>diversi</span> <span class='ocrx_word' id='word_1_35' title='bbox 522 539 716 606; x_wconf 73' lang='lat' dir='ltr'>discessissent,</span> <span class='ocrx_word' id='word_1_36' title='bbox 740 541 847 613; x_wconf 88' lang='lat' dir='ltr'>iamque</span> 
     </span>
     <span class='ocr_line' id='line_1_6' title="bbox 36 613 848 689; baseline 0.004 -20"><span class='ocrx_word' id='word_1_37' title='bbox 36 614 134 689; x_wconf 87' lang='lat' dir='ltr'>procul</span> <span class='ocrx_word' id='word_1_38' title='bbox 155 615 274 668; x_wconf 86' lang='lat' dir='ltr'>Datames</span> <span class='ocrx_word' id='word_1_39' title='bbox 295 613 409 669; x_wconf 82' lang='lat' dir='ltr'>abesset:</span> <span class='ocrx_word' id='word_1_40' title='bbox 438 613 614 680; x_wconf 68' lang='lat' dir='ltr'>Mithridaten,</span> <span class='ocrx_word' id='word_1_41' title='bbox 635 615 793 687; x_wconf 89' lang='lat' dir='ltr'>priusquam</span> <span class='ocrx_word' id='word_1_42' title='bbox 813 617 848 672; x_wconf 87' lang='lat' dir='ltr'>ud</span> 
     </span>
     <span class='ocr_line' id='line_1_7' title="bbox 37 689 848 762; baseline -0.001 -16"><span class='ocrx_word' id='word_1_43' title='bbox 37 707 106 749; x_wconf 87' lang='lat' dir='ltr'>suos</span> <span class='ocrx_word' id='word_1_44' title='bbox 114 689 275 762; x_wconf 86' lang='lat' dir='ltr'>perveniret,</span> <span class='ocrx_word' id='word_1_45' title='bbox 286 705 320 743; x_wconf 90' lang='lat' dir='ltr'>ne</span> <span class='ocrx_word' id='word_1_46' title='bbox 328 705 412 761; x_wconf 80' lang='lat' dir='ltr'>quem</span> <span class='ocrx_word' id='word_1_47' title='bbox 421 689 599 760; x_wconf 78' lang='lat' dir='ltr'>suspicionem</span> <span class='ocrx_word' id='word_1_48' title='bbox 609 697 722 760; x_wconf 85' lang='lat' dir='ltr'>pareret,</span> <span class='ocrx_word' id='word_1_49' title='bbox 734 691 762 746; x_wconf 90' lang='lat' dir='ltr'>in</span> <span class='ocrx_word' id='word_1_50' title='bbox 772 709 848 760; x_wconf 83' lang='lat' dir='ltr'>eum·</span> 
     </span>
     <span class='ocr_line' id='line_1_8' title="bbox 37 763 847 838; baseline -0.002 -16"><span class='ocrx_word' id='word_1_51' title='bbox 37 767 104 822; x_wconf 90' lang='lat' dir='ltr'>dem</span> <span class='ocrx_word' id='word_1_52' title='bbox 115 763 203 820; x_wconf 87' lang='lat' dir='ltr'>locum</span> <span class='ocrx_word' id='word_1_53' title='bbox 213 764 362 828; x_wconf 85' lang='lat' dir='ltr'>revertitur,</span> <span class='ocrx_word' id='word_1_54' title='bbox 375 771 454 836; x_wconf 90' lang='lat' dir='ltr'>atque</span> <span class='ocrx_word' id='word_1_55' title='bbox 464 763 515 830; x_wconf 92' lang='lat' dir='ltr'>ibi,</span> <span class='ocrx_word' id='word_1_56' title='bbox 525 765 573 819; x_wconf 91' lang='lat' dir='ltr'>uhi</span> <span class='ocrx_word' id='word_1_57' title='bbox 583 764 665 818; x_wconf 88' lang='lat' dir='ltr'>telum</span> <span class='ocrx_word' id='word_1_58' title='bbox 674 772 729 819; x_wconf 86' lang='lat' dir='ltr'>erat</span> <span class='ocrx_word' id='word_1_59' title='bbox 738 765 847 838; x_wconf 91' lang='lat' dir='ltr'>imposi-</span> 
     </span>
     <span class='ocr_line' id='line_1_9' title="bbox 38 835 888 913; baseline -0.002 -17"><span class='ocrx_word' id='word_1_60' title='bbox 38 850 115 906; x_wconf 86' lang='lat' dir='ltr'>tum,</span> <span class='ocrx_word' id='word_1_61' title='bbox 133 838 240 904; x_wconf 79' lang='lat' dir='ltr'>resedit,</span> <span class='ocrx_word' id='word_1_62' title='bbox 256 845 286 892; x_wconf 88' lang='lat' dir='ltr'>ut</span> <span class='ocrx_word' id='word_1_63' title='bbox 300 838 323 892; x_wconf 85' lang='lat' dir='ltr'>si</span> <span class='ocrx_word' id='word_1_64' title='bbox 334 835 369 913; x_wconf 82' lang='lat' dir='ltr'>[a]</span> <span class='ocrx_word' id='word_1_65' title='bbox 380 837 536 893; x_wconf 85' lang='lat' dir='ltr'>lassitudine</span> <span class='ocrx_word' id='word_1_66' title='bbox 549 847 654 912; x_wconf 89' lang='lat' dir='ltr'>cuperet</span> <span class='ocrx_word' id='word_1_67' title='bbox 668 840 845 912; x_wconf 87' lang='lat' dir='ltr'>acquiescere:</span> <span class='ocrx_word' id='word_1_68' title='bbox 882 842 888 852; x_wconf 87' lang='lat'>&#39;</span> 
     </span>
     <span class='ocr_line' id='line_1_10' title="bbox 38 911 848 986; baseline -0.004 -14"><span class='ocrx_word' id='word_1_69' title='bbox 38 919 233 986; x_wconf 85' lang='lat' dir='ltr'>Datamemque</span> <span class='ocrx_word' id='word_1_70' title='bbox 240 913 384 978; x_wconf 78' lang='lat' dir='ltr'>revocavit,</span> <span class='ocrx_word' id='word_1_71' title='bbox 395 911 540 979; x_wconf 80' lang='lat' dir='ltr'>simulans,</span> <span class='ocrx_word' id='word_1_72' title='bbox 552 929 581 968; x_wconf 88' lang='lat' dir='ltr'>se</span> <span class='ocrx_word' id='word_1_73' title='bbox 590 913 720 986; x_wconf 88' lang='lat' dir='ltr'>quiddam</span> <span class='ocrx_word' id='word_1_74' title='bbox 730 915 758 970; x_wconf 91' lang='lat' dir='ltr'>in</span> <span class='ocrx_word' id='word_1_75' title='bbox 769 915 848 970; x_wconf 90' lang='lat' dir='ltr'>collo-</span> 
     </span>
     <span class='ocr_line' id='line_1_11' title="bbox 39 987 846 1064; baseline -0.005 -18"><span class='ocrx_word' id='word_1_76' title='bbox 39 992 108 1064; x_wconf 88' lang='lat' dir='ltr'>quio</span> <span class='ocrx_word' id='word_1_77' title='bbox 122 1006 181 1044; x_wconf 87' lang='lat' dir='ltr'>esse</span> <span class='ocrx_word' id='word_1_78' title='bbox 197 987 319 1043; x_wconf 90' lang='lat' dir='ltr'>oblitum.</span> <span class='ocrx_word' id='word_1_79' title='bbox 359 989 385 1042; x_wconf 78' lang='grc'>4.</span> <span class='ocrx_word' id='word_1_80' title='bbox 406 987 513 1042; x_wconf 79' lang='lat' dir='ltr'>interim</span> <span class='ocrx_word' id='word_1_81' title='bbox 533 987 628 1054; x_wconf 86' lang='lat' dir='ltr'>telum,</span> <span class='ocrx_word' id='word_1_82' title='bbox 650 989 724 1061; x_wconf 91' lang='lat' dir='ltr'>quod</span> <span class='ocrx_word' id='word_1_83' title='bbox 743 989 846 1056; x_wconf 84' lang='lat' dir='ltr'>latebat,</span> 
     </span>
     <span class='ocr_line' id='line_1_12' title="bbox 38 1062 849 1138; baseline -0.002 -18"><span class='ocrx_word' id='word_1_84' title='bbox 38 1064 166 1138; x_wconf 86' lang='lat' dir='ltr'>protulit,</span> <span class='ocrx_word' id='word_1_85' title='bbox 179 1062 362 1134; x_wconf 71' lang='lat' dir='ltr'>nudatumque</span> <span class='ocrx_word' id='word_1_86' title='bbox 373 1062 467 1135; x_wconf 78' lang='lat' dir='ltr'>regina</span> <span class='ocrx_word' id='word_1_87' title='bbox 480 1069 549 1118; x_wconf 83' lang='lat' dir='ltr'>veste</span> <span class='ocrx_word' id='word_1_88' title='bbox 559 1063 636 1128; x_wconf 85' lang='lat' dir='ltr'>texit,</span> <span class='ocrx_word' id='word_1_89' title='bbox 653 1080 683 1117; x_wconf 92' lang='lat' dir='ltr'>ac</span> <span class='ocrx_word' id='word_1_90' title='bbox 692 1065 792 1118; x_wconf 85' lang='lat' dir='ltr'>Datami</span> <span class='ocrx_word' id='word_1_91' title='bbox 804 1082 849 1118; x_wconf 83' lang='lat' dir='ltr'>ve·</span> 
     </span>
     <span class='ocr_line' id='line_1_13' title="bbox 39 1136 849 1211; baseline -0.005 -15"><span class='ocrx_word' id='word_1_92' title='bbox 39 1139 128 1196; x_wconf 88' lang='lat' dir='ltr'>nienti</span> <span class='ocrx_word' id='word_1_93' title='bbox 139 1139 182 1204; x_wconf 85' lang='lat' dir='ltr'>ait,</span> <span class='ocrx_word' id='word_1_94' title='bbox 189 1136 379 1211; x_wconf 76' lang='lat' dir='ltr'>digredientem</span> <span class='ocrx_word' id='word_1_95' title='bbox 389 1154 418 1190; x_wconf 91' lang='lat' dir='ltr'>se</span> <span class='ocrx_word' id='word_1_96' title='bbox 427 1136 650 1202; x_wconf 85' lang='lat' dir='ltr'>animadvertisse,</span> <span class='ocrx_word' id='word_1_97' title='bbox 658 1137 746 1192; x_wconf 81' lang='lat' dir='ltr'>losum</span> <span class='ocrx_word' id='word_1_98' title='bbox 754 1157 849 1210; x_wconf 89' lang='lat' dir='ltr'>quem-</span> 
     </span>
     <span class='ocr_line' id='line_1_14' title="bbox 40 1210 849 1286; baseline -0.005 -16"><span class='ocrx_word' id='word_1_99' title='bbox 40 1215 121 1280; x_wconf 82' lang='lat' dir='ltr'>dam,</span> <span class='ocrx_word' id='word_1_100' title='bbox 133 1213 182 1286; x_wconf 86' lang='lat' dir='ltr'>qui</span> <span class='ocrx_word' id='word_1_101' title='bbox 192 1219 245 1268; x_wconf 90' lang='lat' dir='ltr'>erat</span> <span class='ocrx_word' id='word_1_102' title='bbox 255 1212 283 1266; x_wconf 89' lang='lat' dir='ltr'>in</span> <span class='ocrx_word' id='word_1_103' title='bbox 293 1218 446 1284; x_wconf 87' lang='lat' dir='ltr'>conspectu,</span> <span class='ocrx_word' id='word_1_104' title='bbox 459 1210 492 1266; x_wconf 92' lang='lat' dir='ltr'>ad</span> <span class='ocrx_word' id='word_1_105' title='bbox 502 1218 586 1266; x_wconf 89' lang='lat' dir='ltr'>castra</span> <span class='ocrx_word' id='word_1_106' title='bbox 595 1211 716 1283; x_wconf 88' lang='lat' dir='ltr'>ponenda</span> <span class='ocrx_word' id='word_1_107' title='bbox 726 1230 783 1266; x_wconf 82' lang='lat' dir='ltr'>esse</span> <span class='ocrx_word' id='word_1_108' title='bbox 792 1213 849 1266; x_wconf 92' lang='lat' dir='ltr'>ido-</span> 
     </span>
     <span class='ocr_line' id='line_1_15' title="bbox 41 1285 849 1359; baseline -0.004 -14"><span class='ocrx_word' id='word_1_109' title='bbox 41 1307 137 1345; x_wconf 89' lang='lat' dir='ltr'>neum.</span> <span class='ocrx_word' id='word_1_110' title='bbox 176 1291 202 1343; x_wconf 77' lang='grc' dir='ltr'>ὅ.</span> <span class='ocrx_word' id='word_1_111' title='bbox 223 1285 308 1358; x_wconf 82' lang='lat' dir='ltr'>Quem</span> <span class='ocrx_word' id='word_1_112' title='bbox 327 1303 413 1359; x_wconf 91' lang='lat' dir='ltr'>quum</span> <span class='ocrx_word' id='word_1_113' title='bbox 432 1285 515 1359; x_wconf 86' lang='lat' dir='ltr'>digito</span> <span class='ocrx_word' id='word_1_114' title='bbox 533 1286 733 1352; x_wconf 85' lang='lat' dir='ltr'>demonstraret,</span> <span class='ocrx_word' id='word_1_115' title='bbox 757 1294 782 1340; x_wconf 92' lang='lat' dir='ltr'>et</span> <span class='ocrx_word' id='word_1_116' title='bbox 806 1287 849 1342; x_wconf 89' lang='lat' dir='ltr'>ille</span> 
     </span>
     <span class='ocr_line' id='line_1_16' title="bbox 41 1360 848 1436; baseline -0.006 -16"><span class='ocrx_word' id='word_1_117' title='bbox 41 1363 217 1436; x_wconf 85' lang='lat' dir='ltr'>conspiceret,</span> <span class='ocrx_word' id='word_1_118' title='bbox 234 1379 357 1417; x_wconf 85' lang='lat' dir='ltr'>aversum</span> <span class='ocrx_word' id='word_1_119' title='bbox 371 1360 439 1416; x_wconf 80' lang='lat' dir='ltr'>terro</span> <span class='ocrx_word' id='word_1_120' title='bbox 451 1361 597 1426; x_wconf 84' lang='lat' dir='ltr'>transfixit,</span> <span class='ocrx_word' id='word_1_121' title='bbox 608 1361 750 1434; x_wconf 88' lang='lat' dir='ltr'>priusque,</span> <span class='ocrx_word' id='word_1_122' title='bbox 766 1379 848 1433; x_wconf 90' lang='lat' dir='ltr'>quam</span> 
     </span>
     <span class='ocr_line' id='line_1_17' title="bbox 41 1434 849 1512; baseline -0.005 -18"><span class='ocrx_word' id='word_1_123' title='bbox 41 1440 190 1512; x_wconf 88' lang='lat' dir='ltr'>quisquam</span> <span class='ocrx_word' id='word_1_124' title='bbox 199 1443 287 1510; x_wconf 85' lang='lat' dir='ltr'>posset</span> <span class='ocrx_word' id='word_1_125' title='bbox 295 1453 455 1502; x_wconf 82' lang='lat' dir='ltr'>succurrere,</span> <span class='ocrx_word' id='word_1_126' title='bbox 467 1434 603 1512; x_wconf 79' lang='lat' dir='ltr'>interiecit.</span> <span class='ocrx_word' id='word_1_127' title='bbox 636 1437 675 1490; x_wconf 91' lang='lat' dir='ltr'>lta</span> <span class='ocrx_word' id='word_1_128' title='bbox 685 1435 729 1490; x_wconf 89' lang='lat' dir='ltr'>ille</span> <span class='ocrx_word' id='word_1_129' title='bbox 738 1435 789 1501; x_wconf 84' lang='lat' dir='ltr'>vir,</span> <span class='ocrx_word' id='word_1_130' title='bbox 801 1437 849 1508; x_wconf 90' lang='lat' dir='ltr'>qui</span> 
     </span>
     <span class='ocr_line' id='line_1_18' title="bbox 43 1509 850 1584; baseline -0.002 -16"><span class='ocrx_word' id='word_1_131' title='bbox 43 1513 144 1570; x_wconf 89' lang='lat' dir='ltr'>multos</span> <span class='ocrx_word' id='word_1_132' title='bbox 163 1509 284 1577; x_wconf 88' lang='lat' dir='ltr'>consilio,</span> <span class='ocrx_word' id='word_1_133' title='bbox 304 1512 439 1568; x_wconf 87' lang='lat' dir='ltr'>neminem</span> <span class='ocrx_word' id='word_1_134' title='bbox 458 1510 568 1583; x_wconf 85' lang='lat' dir='ltr'>pertidia</span> <span class='ocrx_word' id='word_1_135' title='bbox 587 1517 701 1584; x_wconf 84' lang='lat' dir='ltr'>ceperat,</span> <span class='ocrx_word' id='word_1_136' title='bbox 726 1509 850 1566; x_wconf 81' lang='lat' dir='ltr'>simulata</span> 
     </span>
     <span class='ocr_line' id='line_1_19' title="bbox 43 1586 319 1663; baseline -0.011 -19"><span class='ocrx_word' id='word_1_137' title='bbox 43 1598 138 1662; x_wconf 89' lang='lat' dir='ltr'>captus</span> <span class='ocrx_word' id='word_1_138' title='bbox 147 1586 319 1663; x_wconf 82' lang='lat' dir='ltr'>estemicitia.</span> 
     </span>
    </p>
   </div>
   <div class='ocr_carea' id='block_1_3' title="bbox 42 1716 850 1780">
    <p class='ocr_par' dir='ltr' id='par_1_3' title="bbox 42 1716 850 1780">
     <span class='ocr_line' id='line_1_20' title="bbox 42 1716 850 1780; baseline -0.002 -24"><span class='ocrx_word' id='word_1_139' title='bbox 42 1716 850 1780; x_wconf 59' lang='lat' dir='ltr'>sssseeseseeessssesessesseeseeeseeeeesssessesseeess</span> 
     </span>
    </p>
   </div>
   <div class='ocr_carea' id='block_1_4' title="bbox 237 1827 660 1991">
    <p class='ocr_par' dir='ltr' id='par_1_4' title="bbox 237 1827 660 1991">
     <span class='ocr_line' id='line_1_21' title="bbox 407 1827 487 1884; baseline -0.025 -1"><span class='ocrx_word' id='word_1_140' title='bbox 407 1827 487 1884; x_wconf 85' lang='lat' dir='ltr'>XV.</span> 
     </span>
     <span class='ocr_line' id='line_1_22' title="bbox 237 1931 660 1991; baseline 0.007 -3"><span class='ocrx_word' id='word_1_141' title='bbox 237 1931 660 1991; x_wconf 82' lang='lat' dir='ltr'>EPAMlNONDAS.</span> 
     </span>
    </p>
   </div>
   <div class='ocr_carea' id='block_1_5' title="bbox 391 2067 503 2126">
    <p class='ocr_par' dir='ltr' id='par_1_5' title="bbox 391 2067 503 2126">
     <span class='ocr_line' id='line_1_23' title="bbox 391 2067 503 2126; baseline -0.027 0"><span class='ocrx_word' id='word_1_142' title='bbox 391 2067 461 2126; x_wconf 80' lang='lat' dir='ltr'>Car.</span> <span class='ocrx_word' id='word_1_143' title='bbox 481 2069 503 2124; x_wconf 94' lang='lat'>1.</span> 
     </span>
    </p>
   </div>
   <div class='ocr_carea' id='block_1_6' title="bbox 45 2173 853 2332">
    <p class='ocr_par' dir='ltr' id='par_1_6' title="bbox 45 2173 853 2332">
     <span class='ocr_line' id='line_1_24' title="bbox 100 2173 850 2250; baseline 0.007 -16"><span class='ocrx_word' id='word_1_144' title='bbox 100 2173 337 2250; x_wconf 76' lang='lat' dir='ltr'>Ernrnosnss,</span> <span class='ocrx_word' id='word_1_145' title='bbox 368 2185 503 2240; x_wconf 74' lang='lat' dir='ltr'>Porrusr</span> <span class='ocrx_word' id='word_1_146' title='bbox 537 2201 648 2248; x_wconf 85' lang='lat' dir='ltr'>rrnrns,</span> <span class='ocrx_word' id='word_1_147' title='bbox 679 2183 850 2239; x_wconf 73' lang='lat' dir='ltr'>Tarsenses.</span> 
     </span>
     <span class='ocr_line' id='line_1_25' title="bbox 45 2257 853 2332; baseline -0.002 -18"><span class='ocrx_word' id='word_1_148' title='bbox 45 2263 147 2332; x_wconf 84' lang='lat' dir='ltr'>Deque</span> <span class='ocrx_word' id='word_1_149' title='bbox 157 2259 315 2332; x_wconf 86' lang='lat' dir='ltr'>priusquam</span> <span class='ocrx_word' id='word_1_150' title='bbox 325 2259 482 2324; x_wconf 83' lang='lat' dir='ltr'>scribamus,</span> <span class='ocrx_word' id='word_1_151' title='bbox 493 2258 557 2313; x_wconf 87' lang='lat' dir='ltr'>haec</span> <span class='ocrx_word' id='word_1_152' title='bbox 566 2257 748 2330; x_wconf 87' lang='lat' dir='ltr'>praecipienda</span> <span class='ocrx_word' id='word_1_153' title='bbox 760 2257 853 2312; x_wconf 84' lang='lat' dir='ltr'>viden-</span> 
     </span>
    </p>
   </div>
   <div class='ocr_carea' id='block_1_7' title="bbox 47 2331 934 2401">
    <p class='ocr_par' dir='ltr' id='par_1_7' title="bbox 47 2331 934 2401">
     <span class='ocr_line' id='line_1_26' title="bbox 47 2331 934 2401; baseline 0 -13"><span class='ocrx_word' id='word_1_154' title='bbox 47 2343 89 2389; x_wconf 87' lang='lat' dir='ltr'>tur</span> <span class='ocrx_word' id='word_1_155' title='bbox 99 2333 255 2399; x_wconf 82' lang='lat' dir='ltr'>lectoribus,</span> <span class='ocrx_word' id='word_1_156' title='bbox 272 2351 305 2388; x_wconf 90' lang='lat' dir='ltr'>ne</span> <span class='ocrx_word' id='word_1_157' title='bbox 315 2333 413 2388; x_wconf 89' lang='lat' dir='ltr'>alienos</span> <span class='ocrx_word' id='word_1_158' title='bbox 423 2351 509 2388; x_wconf 84' lang='lat' dir='ltr'>mores</span> <span class='ocrx_word' id='word_1_159' title='bbox 519 2333 551 2388; x_wconf 91' lang='lat' dir='ltr'>ad</span> <span class='ocrx_word' id='word_1_160' title='bbox 563 2351 625 2388; x_wconf 89' lang='lat' dir='ltr'>suos</span> <span class='ocrx_word' id='word_1_161' title='bbox 639 2331 763 2401; x_wconf 83' lang='lat' dir='ltr'>referant;</span> <span class='ocrx_word' id='word_1_162' title='bbox 786 2349 852 2388; x_wconf 86' lang='lat' dir='ltr'>neve</span> <span class='ocrx_word' id='word_1_163' title='bbox 931 2392 934 2397; x_wconf 62' lang='grc'><strong>,</strong></span> 
     </span>
    </p>
   </div>
   <div class='ocr_carea' id='block_1_8' title="bbox 46 2406 903 2706">
    <p class='ocr_par' dir='ltr' id='par_1_8' title="bbox 46 2406 903 2706">
     <span class='ocr_line' id='line_1_27' title="bbox 46 2406 852 2482; baseline -0.005 -18"><span class='ocrx_word' id='word_1_164' title='bbox 46 2428 84 2475; x_wconf 88' lang='lat' dir='ltr'>ea,</span> <span class='ocrx_word' id='word_1_165' title='bbox 96 2425 167 2482; x_wconf 87' lang='lat' dir='ltr'>qnae</span> <span class='ocrx_word' id='word_1_166' title='bbox 178 2409 243 2480; x_wconf 88' lang='lat' dir='ltr'>ipsis</span> <span class='ocrx_word' id='word_1_167' title='bbox 252 2408 350 2464; x_wconf 89' lang='lat' dir='ltr'>leviora</span> <span class='ocrx_word' id='word_1_168' title='bbox 359 2415 430 2474; x_wconf 84' lang='lat' dir='ltr'>sunt,</span> <span class='ocrx_word' id='word_1_169' title='bbox 443 2407 588 2480; x_wconf 90' lang='lat' dir='ltr'>parimodo</span> <span class='ocrx_word' id='word_1_170' title='bbox 599 2406 852 2478; x_wconf 84' lang='lat' dir='ltr'>apudoelerosluis-</span> 
     </span>
     <span class='ocr_line' id='line_1_28' title="bbox 46 2482 852 2548; baseline -0.005 -9"><span class='ocrx_word' id='word_1_171' title='bbox 46 2502 74 2539; x_wconf 88' lang='lat' dir='ltr'>se</span> <span class='ocrx_word' id='word_1_172' title='bbox 89 2485 259 2538; x_wconf 78' lang='lat' dir='ltr'>arbitrentur.</span> <span class='ocrx_word' id='word_1_173' title='bbox 298 2487 325 2541; x_wconf 76' lang='lat'>2.</span> <span class='ocrx_word' id='word_1_174' title='bbox 345 2484 450 2538; x_wconf 89' lang='lat' dir='ltr'>Scimus</span> <span class='ocrx_word' id='word_1_175' title='bbox 460 2483 545 2548; x_wconf 87' lang='lat' dir='ltr'>enim,</span> <span class='ocrx_word' id='word_1_176' title='bbox 558 2484 678 2537; x_wconf 87' lang='lat' dir='ltr'>musicen</span> <span class='ocrx_word' id='word_1_177' title='bbox 689 2482 784 2536; x_wconf 89' lang='lat' dir='ltr'>nostris</span> <span class='ocrx_word' id='word_1_178' title='bbox 795 2500 852 2536; x_wconf 91' lang='lat' dir='ltr'>mo-</span> 
     </span>
     <span class='ocr_line' id='line_1_29' title="bbox 47 2557 903 2630; baseline -0.006 -16"><span class='ocrx_word' id='word_1_179' title='bbox 47 2561 122 2614; x_wconf 87' lang='lat' dir='ltr'>ribus</span> <span class='ocrx_word' id='word_1_180' title='bbox 132 2559 224 2615; x_wconf 85' lang='lat' dir='ltr'>abesse</span> <span class='ocrx_word' id='word_1_181' title='bbox 234 2559 268 2612; x_wconf 86' lang='lat' dir='ltr'>eb</span> <span class='ocrx_word' id='word_1_182' title='bbox 277 2557 405 2630; x_wconf 89' lang='lat' dir='ltr'>principis</span> <span class='ocrx_word' id='word_1_183' title='bbox 415 2575 538 2628; x_wconf 72' lang='lat' dir='ltr'>persona3</span> <span class='ocrx_word' id='word_1_184' title='bbox 560 2557 654 2612; x_wconf 87' lang='lat' dir='ltr'>saltare</span> <span class='ocrx_word' id='word_1_185' title='bbox 663 2575 725 2612; x_wconf 89' lang='lat' dir='ltr'>vero</span> <span class='ocrx_word' id='word_1_186' title='bbox 734 2557 811 2610; x_wconf 87' lang='lat' dir='ltr'>etiam</span> <span class='ocrx_word' id='word_1_187' title='bbox 823 2557 849 2609; x_wconf 90' lang='lat' dir='ltr'>in</span> <span class='ocrx_word' id='word_1_188' title='bbox 901 2579 903 2583; x_wconf 89' lang='lat'><em>·</em></span> 
     </span>
     <span class='ocr_line' id='line_1_30' title="bbox 48 2629 851 2706; baseline -0.007 -17"><span class='ocrx_word' id='word_1_189' title='bbox 48 2635 119 2690; x_wconf 78' lang='lat' dir='ltr'>vitiis</span> <span class='ocrx_word' id='word_1_190' title='bbox 131 2633 209 2706; x_wconf 90' lang='lat' dir='ltr'>poni:</span> <span class='ocrx_word' id='word_1_191' title='bbox 231 2650 300 2704; x_wconf 89' lang='lat' dir='ltr'>quae</span> <span class='ocrx_word' id='word_1_192' title='bbox 309 2635 398 2687; x_wconf 89' lang='lat' dir='ltr'>omnia</span> <span class='ocrx_word' id='word_1_193' title='bbox 409 2633 479 2703; x_wconf 90' lang='lat' dir='ltr'>apud</span> <span class='ocrx_word' id='word_1_194' title='bbox 490 2631 600 2688; x_wconf 83' lang='lat' dir='ltr'>Graecos</span> <span class='ocrx_word' id='word_1_195' title='bbox 610 2639 635 2686; x_wconf 88' lang='lat' dir='ltr'>et</span> <span class='ocrx_word' id='word_1_196' title='bbox 648 2639 721 2705; x_wconf 82' lang='lat' dir='ltr'>grata</span> <span class='ocrx_word' id='word_1_197' title='bbox 735 2637 760 2684; x_wconf 87' lang='lat' dir='ltr'>et</span> <span class='ocrx_word' id='word_1_198' title='bbox 774 2629 851 2683; x_wconf 89' lang='lat' dir='ltr'>laude</span> 
     </span>
    </p>
   </div>
   <div class='ocr_carea' id='block_1_9' title="bbox 48 2704 853 2799">
    <p class='ocr_par' dir='ltr' id='par_1_9' title="bbox 48 2704 853 2799">
     <span class='ocr_line' id='line_1_31' title="bbox 48 2704 853 2799; baseline -0.009 -33"><span class='ocrx_word' id='word_1_199' title='bbox 48 2709 129 2799; x_wconf 74' lang='lat' dir='ltr'>digna</span> <span class='ocrx_word' id='word_1_200' title='bbox 143 2708 288 2766; x_wconf 86' lang='lat' dir='ltr'>ducuntur.</span> <span class='ocrx_word' id='word_1_201' title='bbox 327 2712 353 2765; x_wconf 83' lang='lat'>3.</span> <span class='ocrx_word' id='word_1_202' title='bbox 374 2705 464 2784; x_wconf 82' lang='lat' dir='ltr'>Quum</span> <span class='ocrx_word' id='word_1_203' title='bbox 483 2713 570 2764; x_wconf 84' lang='lat' dir='ltr'>autem</span> <span class='ocrx_word' id='word_1_204' title='bbox 590 2707 736 2785; x_wconf 82' lang='lat' dir='ltr'>exprimere</span> <span class='ocrx_word' id='word_1_205' title='bbox 756 2704 853 2786; x_wconf 49' lang='lat' dir='ltr'>imagis</span> 
     </span>
    </p>
   </div>
   <div class='ocr_carea' id='block_1_10' title="bbox 0 0 1050 3234">
    <p class='ocr_par' dir='ltr' id='par_1_10' title="bbox 0 0 1050 3234">
     <span class='ocr_line' id='line_1_32' title="bbox 0 0 1050 3234; baseline 0 0"><span class='ocrx_word' id='word_1_206' title='bbox 0 0 1050 3234; x_wconf 95' lang='lat' dir='ltr'> </span> 
     </span>
    </p>
   </div>
  </div>
 </body>
</html>
