2054 3232
128 190 227 264 xxv.
247 201 426 260 termus,
447 201 528 259 orte.
549 203 616 259 vn.
636 202 718 260 v111.
776 205 825 260 ur
854 287 857 297 y

20 309 164 368 familiaris
176 312 325 386 despexerit
336 310 466 382 fructum:
494 311 542 383 qui
551 328 586 366 ne
597 328 659 366 oum
672 311 705 378 0.
715 313 825 384 quidem

20 387 150 442 Cieerone
162 387 275 456 voluerit
288 387 326 442 ire
338 386 366 442 in
379 385 480 452 Asiam,
494 403 580 458 quum
593 386 665 458 apud
673 403 736 442 eum
746 385 825 460 legati

21 460 114 518 iocum
125 463 242 520 obtinere
254 468 364 534 posset.⁴
390 462 449 518 Non
458 461 530 518 enim
542 461 632 516 dooere
643 479 672 516 se
681 461 827 518 arbitrabe-

20 544 74 600 tur,
96 554 183 608 quum
200 545 351 609 praeturam
367 554 457 612 gerere
474 536 610 603 noluisset,
624 536 751 592 esseolam
769 555 828 594 esse

20 613 159 682 praetoris
200 616 226 668 ὅ.
246 611 305 679 Qus
315 613 343 668 in
353 629 382 669 re
391 629 444 670 non
452 611 541 668 solum
551 612 673 686 dignitati
684 612 824 680 serviebat,

21 687 68 740 sed
82 687 162 740 etiem
175 687 369 760 tranquillitati,
389 705 474 759 quum
487 687 651 759 suspiciones
664 705 772 760 quoque
784 688 825 744 ui-

19 768 89 816 taret
100 761 255 818 eriminum.
290 763 349 830 Quo
358 761 444 828 tiebat,
459 769 489 816 ut
498 762 556 818 eius
565 763 729 820 observantia
738 764 826 820 omui-

19 835 75 891 bus
92 843 161 891 esset
177 836 270 903 carior,
289 853 376 910 quum
387 855 446 894 eam
458 835 554 904 officio,
568 854 622 894 non
634 838 728 894 timore
740 856 827 912 noque

21 911 88 983 spei,
103 911 187 966 tribui
200 911 328 968 viderent.

78 987 138 1042 Vll.
159 985 255 1042 Incidit
267 987 455 1045 Caesarianum
467 987 546 1043 oivile
558 986 668 1054 bellum,
679 1005 765 1061 quum
778 987 827 1044 ha-

23 1061 97 1116 beret
110 1078 195 1118 annos
207 1062 310 1118 circiter
322 1063 468 1136 sexaginta.
508 1063 577 1118 Usus
595 1070 635 1116 est
646 1063 736 1118 aetatis
750 1081 827 1118 veca-

21 1137 102 1202 tione,
118 1154 206 1209 neque
219 1135 275 1213 [se]
289 1155 426 1210 quoquam
436 1138 520 1204 movit
529 1155 563 1192 ex
572 1137 648 1192 urbe.
677 1137 749 1203 Quae
758 1139 826 1194 ami-

21 1212 60 1266 eis
82 1211 142 1268 suis
158 1229 226 1284 opus
242 1211 346 1270 merent
361 1211 396 1270 ad
410 1213 567 1284 Pompeium
587 1211 822 1283 proficiscentibus,

23 1287 114 1342 omnia
126 1304 161 1344 ex
172 1305 221 1344 sua
231 1287 391 1344 retamiliari
401 1286 483 1344 dedit.
522 1291 549 1346 2.
569 1287 660 1358 Ipsum
670 1287 828 1357 Pompeium

22 1363 196 1418 coniunctum
210 1380 262 1420 non
275 1362 396 1419 offendit:
421 1361 527 1418 nullum
539 1361 611 1417 enim
624 1361 658 1416 sb
670 1378 701 1416 eo
713 1361 825 1418 habebat

22 1445 223 1503 ornamentum,
241 1445 272 1492 ut
286 1437 377 1504 ueteri,
396 1438 444 1510 qui
461 1455 508 1508 per
523 1455 586 1494 eum
599 1444 643 1492 aut
656 1436 766 1503 henotes
779 1446 825 1492 aut

23 1511 132 1567 divitias
155 1520 288 1584 oeperant;
315 1529 430 1586 quorum
446 1511 543 1584 partim
565 1511 719 1568 invitissimi
741 1519 849 1570 castra.

22 1596 85 1644 sunt
103 1588 196 1653 soouti,
215 1589 313 1672 pprtim
331 1605 437 1644 summa
453 1605 515 1642 eum
527 1587 586 1642 eius
598 1586 740 1642 offensione
752 1586 824 1641 domi

22 1669 217 1719 remanserunt.
257 1667 283 1718 3.
303 1661 381 1718 Attici
394 1669 482 1718 eutem
494 1663 572 1735 quies
587 1669 719 1733 tantopere
732 1661 825 1718 Caesa-

22 1737 107 1792 rifuit
119 1745 202 1810 grata,
217 1738 347 1804 utviotor,
361 1755 447 1808 quum
457 1737 566 1810 privetis
576 1737 701 1809 pecunias
713 1753 759 1808 per
768 1737 826 1810 epi-

23 1812 104 1867 stolas
117 1811 265 1883 imperaret,
285 1811 350 1866 huie
362 1829 415 1868 non
428 1811 515 1868 solum
527 1811 654 1868 molestus
670 1830 722 1868 non
736 1811 823 1878 fuerit,

23 1887 68 1940 sed
86 1887 170 1942 etiam
186 1887 281 1942 sororis
299 1886 385 1942 titium
403 1886 478 1954 etQ.
497 1887 648 1944 Ciceronem
661 1906 694 1944 ex
708 1889 824 1960 Pompeii

23 1961 115 2016 eastris
133 1962 297 2018 oonoessorit.
337 1961 380 2018 Sio
402 1971 487 2018 vetere
509 1963 628 2020 instituto
646 1964 718 2019 avitae
733 1963 825 2036 effugit

23 2053 90 2092 nova
104 2035 232 2106 periorrla.
668 2053 675 2068 ·

80 2111 152 2166 thl.
167 2109 292 2168 Secutum
305 2117 344 2166 est
357 2092 433 2176 illud,
448 2109 659 2176 antecessore,
674 2099 825 2182 quumresss
873 2095 879 2108 Χ
940 2115 947 2122 “

22 2185 224 2257 publicepenee
236 2187 329 2241 Brutos
341 2185 474 2242 videretur
485 2201 543 2242 esse
553 2193 578 2240 et
591 2185 722 2248 Cassium,
734 2203 764 2242 ao
774 2195 824 2244 tota

24 2261 117 2315 civitas
135 2277 164 2316 se
181 2259 214 2314 ad
227 2278 270 2315 eos
288 2262 469 2318 oonvertisset:
509 2265 536 2317 2.
556 2261 595 2316 sio
611 2261 647 2316 M.
666 2261 745 2316 Bruto
758 2278 824 2316 usus

24 2345 70 2399 est,
90 2343 122 2390 ut
134 2334 210 2391 nullo
223 2335 267 2391 ilie
279 2335 428 2392 adolesoens
441 2335 544 2408 aequali
561 2335 727 2400 familiarius,
742 2354 824 2408 quiem

24 2410 73 2466 hoo
89 2427 167 2474 sene,
188 2429 273 2483 neque
290 2411 377 2466 sotum
393 2429 455 2468 eum
468 2411 614 2483 prinoipem
627 2409 730 2466 oonsilii
743 2411 825 2466 habe-

24 2495 70 2548 ret,
85 2484 226 2540 sedetiam
239 2487 266 2542 in
279 2487 411 2542 oonviotu.
451 2491 477 2542 3.
497 2487 679 2560 Exoogitetum
690 2493 729 2540 est
739 2505 752 2540 a
763 2486 825 2558 qui-

24 2559 149 2625 busdam,
164 2568 194 2614 ut
207 2561 339 2631 privatum
349 2561 479 2618 aerarium
489 2561 607 2618 Caesaris
619 2561 824 2616 intertectoribus

25 2635 58 2690 ab
70 2635 208 2706 equitibus
221 2637 298 2691 Rom.
312 2637 520 2692 eonstitueretur.
560 2635 589 2692 td
602 2635 752 2692 feoiieetfici
763 2651 825 2706 pos-

25 2727 53 2766 se
64 2709 184 2767 arbitrati
195 2719 267 2777 sunt,
282 2711 306 2766 si
319 2719 344 2768 et
355 2711 487 2784 principes
500 2709 573 2768 illius
585 2710 686 2768 ordinis
698 2708 824 2782 peeumm
