2058 3234
194 222 227 275 30
339 217 404 284 vu.
425 211 670 271 ALCIBIADES.
691 211 774 270 CAP.
795 213 845 272 Vl.

193 343 279 400 quum
293 326 414 382 animum
432 323 582 381 amnuens
600 323 635 379 ad
651 322 810 380 cavendum.
848 326 945 397 ltaque
965 326 994 381 ad

194 401 409 474 Tissaphernem,
424 399 582 472 praetecum
592 398 662 472 regis
671 399 756 465 Darii,
769 415 797 455 se
806 399 929 456 contulit.
970 406 992 455 3.

194 477 277 534 Cuius
287 493 372 549 quum
382 476 410 531 in
421 475 542 530 intimam
551 473 694 529 amicitiam
705 474 876 546 pervenisset,
884 483 911 530 et
916 474 994 532 Athe

193 551 341 618 niensium,
357 549 426 606 male
434 550 515 624 gestis
524 551 553 604 in
561 548 651 604 Sicilia
661 549 755 615 rebus,
771 565 834 624 opes
847 567 991 615 memorre,

110 629 113 637 '
193 634 282 682 contra
296 625 560 682 lacedaemoniorum
573 639 687 679 crescere
704 623 818 694 videret,
839 625 993 680 mitiacum

193 701 320 758 Pisandro
328 708 452 774 praetore,
463 700 511 774 qui
520 697 706 772 apudSamum
715 699 858 755 munitum
868 699 991 766 habehat,

192 795 239 852 per
249 776 423 834 internuntios
432 775 603 847 colloquitur,
619 773 686 829 etde
695 773 781 830 reditu
789 791 840 830 suo
848 774 911 830 lacit
920 791 993 830 men·

192 853 302 908 tionem.
339 852 402 906 Erat
409 850 482 905 enirn
493 849 598 916 eodem
609 865 664 922 quo
673 847 830 916 Alcibiades,
842 865 935 918 moso,
948 869 992 923 po

212 926 250 982 uli
260 925 389 998 potentiae
398 941 451 981 non
461 925 572 990 amicus,
584 931 609 978 et
617 925 772 996 optimatum
782 923 877 980 fautor.
909 927 936 980 l.
953 925 991 980 Ab

135 1007 140 1024 “
192 945 244 1058 Alco
252 1000 405 1067 destitutus,
416 1000 534 1072 primum
543 1015 590 1072 per
599 997 807 1074 Thrasybulum,
819 999 884 1076 Lyci
894 999 988 1066 lilium,

193 1077 227 1132 ab
236 1076 351 1132 exercitu
361 1074 493 1148 recipitur,
505 1081 660 1146 praetorque
668 1073 698 1128 fit
706 1073 777 1146 apud
786 1073 912 1145 Samum
923 1083 987 1148 post,

193 1150 352 1226 suffragante
361 1150 534 1214 Theramene,
546 1149 704 1222 populiscito
712 1149 869 1216 restituitur,
881 1151 990 1223 parique

193 1227 288 1282 absens
308 1225 417 1298 imperio
434 1224 584 1298 praeficitur
601 1223 683 1279 simul
701 1239 764 1279 cum
781 1224 950 1299 Thrasybulo
968 1233 989 1279 et

193 1301 363 1376 Theramene.
402 1303 428 1356 b.
449 1301 550 1355 Horum
564 1298 675 1372 imperio
690 1306 760 1355 mata
769 1300 939 1355 committatic
953 1317 989 1354 re-
1014 1347 1015 1380 ,

193 1393 254 1432 rum
264 1375 392 1443 lactaest,
402 1373 647 1440 utLaoedaemorrii,
659 1375 707 1447 qui
716 1373 805 1446 paullo
813 1382 873 1430 ante
882 1375 989 1431 victores
1014 1403 1015 1430 r

192 1453 344 1526 viguerant,
360 1449 488 1524 perterriti
497 1465 589 1522 pacem
597 1456 722 1521 peterem.
761 1449 911 1506 Victienim
919 1457 988 1506 aram
1014 1459 1015 1464 ’

192 1528 313 1600 quinque
322 1525 428 1598 proeliis
436 1525 616 1591 terrestribus,
628 1524 713 1580 tribus
723 1521 876 1592 navalibus,
891 1526 919 1580 in
930 1526 989 1598 qui-

193 1603 244 1657 hus
262 1601 387 1658 ducentas
403 1617 484 1656 naves
502 1600 621 1655 triremes
640 1599 795 1666 emmeant,
818 1617 887 1672 quae
903 1609 988 1673 captae

192 1679 220 1732 in
235 1675 351 1731 hostium
364 1681 488 1732 venmant
501 1681 662 1748 potestatem.
701 1678 727 1729 a.
747 1673 896 1730 Alcibiades
910 1675 987 1730 simul

192 1767 254 1806 curn
268 1749 375 1824 collegis
388 1757 517 1822 receperat
528 1749 643 1816 Ioniam,
661 1747 871 1821 Hellespontum,
894 1750 988 1806 multas

192 1831 321 1899 praeterea
336 1825 415 1880 urbes
428 1825 552 1891 Graecas,
566 1841 635 1897 quae
649 1824 678 1880 in
690 1841 736 1880 ora
749 1824 814 1880 sitae
826 1833 890 1880 sunt
902 1823 985 1890 Asiae,

192 1917 306 1974 quarum
326 1906 508 1974 expugnarant
525 1899 687 1971 complures,
709 1900 736 1955 ln
756 1899 800 1954 his
817 1899 985 1976 Byzantium,

192 1991 279 2048 neque
288 1974 379 2030 minus
388 1973 485 2030 multas
494 1973 603 2030 consilio
612 1974 646 2030 ad
655 1974 797 2030 amicitiam
806 1973 985 2040 adiunxerant,

191 2049 264 2125 quod
278 2050 306 2106 in
322 2057 409 2123 captos
426 2049 562 2106 clementia
580 2049 683 2106 lateram
701 2049 755 2105 usi.
793 2051 820 2104 7.
840 2051 878 2106 lta
895 2051 987 2123 praeda

191 2126 293 2193 onusti,
319 2125 473 2199 locupletato
495 2125 626 2192 examita,
652 2124 779 2180 maximis
797 2125 877 2180 rebus
898 2127 984 2200 gestis,

192 2201 306 2256 Athenas
316 2209 454 2258 venerunt.

246 2276 291 2331 Vl.
311 2276 358 2330 llis
371 2293 456 2350 quum
466 2276 572 2332 obviarn
586 2275 710 2331 universa
724 2273 986 2332 civitasinl'iraeeum

192 2349 379 2417 descendisset,
392 2359 461 2406 unta
472 2350 522 2406 luit
535 2351 657 2408 omnium
667 2350 824 2424 exspectatio
832 2349 935 2404 visendi
944 2349 987 2404 Al·

192 2424 311 2492 cibiadis,
320 2433 349 2481 ut
359 2426 392 2481 ad
401 2427 459 2481 eius
470 2425 601 2481 triremem
612 2425 712 2501 vulgus
720 2424 869 2490 ccnllueret,
882 2425 987 2496 proinde

193 2500 258 2555 acsi
274 2500 346 2555 solus
359 2500 517 2556 advenisset.
556 2504 582 2558 2.
603 2501 646 2556 Sin
659 2501 731 2556 enim
744 2499 841 2574 popnlc
860 2507 913 2554 erat
930 2517 986 2572 per-

193 2591 317 2640 suasum,
330 2582 355 2630 st
363 2574 486 2631 adversas
495 2576 656 2648 superiores,
672 2583 697 2631 et
706 2582 854 2648 praesentes
862 2574 985 2630 secundos

193 2649 532 2724 resaccidisseeiusopera.
571 2649 986 2724 ltaqueetSiciliaeamissum,et

193 2724 457 2790 Lacedaemoniorum
485 2727 606 2788 udones
629 2725 723 2805 culpae
744 2742 809 2786 suae
831 2725 984 2792 tribuebant,
