2054 3232
228 207 341 268 xx1v.
361 205 474 274 CATO.
494 205 577 264 cnr.
597 205 619 264 1.
639 205 678 265 11.
702 219 707 228 ’
803 211 847 266 lii

330 406 520 498 vxm.
734 465 738 478 ,

155 507 195 570 Μ.
237 505 530 568 P'ORCIUS
575 507 750 568 cluo,

325 707 329 714 ,
396 645 466 703 Car.
486 646 509 702 I.v

105 747 207 826 Caro,
232 779 326 818 orror
347 779 507 820 surrorrro
530 763 678 830 Toeuono,
698 760 852 821 adnleseen-

42 834 135 899 tulus,
148 835 308 908 priusquam
320 834 467 894 honoribus
475 855 582 910 opernm
591 837 672 903 deret,
684 846 804 894 versutos
812 845 852 894 eet

43 909 77 965 in
95 909 214 974 Sabinis,
232 909 306 984 qood
321 909 362 974 ibi
373 911 512 968 heredium
524 910 541 968 a'
551 920 625 985 petre
636 911 757 968 relietum
770 913 852 968 hebe-

41 984 103 1038 bat
141 983 254 1038 Hortatu
271 983 304 1045 1.
327 983 423 1050 Valerii
444 986 545 1052 Flaoei,
569 1003 651 1060 quem
667 985 696 1042 in
712 987 852 1044 eonsuletu

42 1073 215 1129 censuraque
230 1057 325 1114 habuit
341 1057 478 1134 collegam,
497 1067 528 1115 ut
538 1061 575 1115 li.
589 1061 719 1132 Perperna
730 1061 853 1132 Censori-

41 1149 81 1186 us
100 1147 209 1186 narrem
224 1130 318 1187 solitus
331 1140 379 1199 est,
394 1135 506 1190 Remum
518 1133 686 1207 demigravit,
701 1133 852 1208 inferoque

42 1222 107 1260 esse
119 1205 214 1276 eoepit.
252 1209 279 1263 2.
299 1207 421 1264 Primum
433 1205 597 1280 stipenditnu
609 1207 707 1262 meruit
718 1225 851 1264 annorum

43 1279 140 1334 desem
157 1286 319 1352 septemque,
340 1280 374 1348 Q.
391 1282 483 1348 Fabio,
497 1283 536 1337 ll.
554 1279 665 1338 Claudio
682 1283 849 1338 oonsulibus.

43 1355 186 1409 Tribunus
202 1353 319 1410 militum
336 1354 365 1410 in
383 1355 473 1411 Sioilia
489 1354 550 1411 fuit.
588 1354 654 1410 Inde
665 1362 696 1410 ut
707 1355 793 1422 rediit,
807 1371 852 1412 ea-

42 1435 102 1483 stre
124 1435 230 1515 menum
251 1435 291 1483 est
311 1427 345 1515 C,
365 1428 470 1486 Claudii
482 1429 607 1496 Neronis,
631 1429 777 1504 magnique
792 1431 850 1516 eius

42 1505 563 1646 tffiu¹f²ttot‘itutittfptl
572 1503 851 1650 tunderet?

42 1651 181 1716 Afriosno,
194 1651 306 1717 oonsuli,
321 1669 383 1708 oum
396 1671 451 1726 quo
463 1670 516 1709 non
529 1670 577 1725 pro
589 1653 667 1708 sortis
679 1651 851 1708 neoeseitudi·
938 1707 947 1722 ,

42 1743 79 1780 ne
93 1725 176 1780 vixit:
203 1743 319 1798 nemque
331 1727 365 1782 ab
380 1744 411 1783 eo
422 1734 548 1800 perpetua
559 1727 685 1783 dissensit
696 1727 760 1782 rito.
798 1725 850 1782 Ae·

42 1799 111 1855 dilis
123 1797 210 1870 plebis
222 1797 306 1854 laetus
315 1807 355 1854 est
367 1818 430 1856 oum
442 1801 473 1858 C.
487 1801 589 1858 Helvio.
608 1841 617 1850 ,
629 1803 655 1856 t.
676 1802 781 1857 Praetor
788 1817 850 1872 pro-

41 1873 164 1929 vinciam
176 1873 291 1928 obtinuit
302 1873 461 1942 Sardiniam,
475 1894 509 1931 ex
521 1894 575 1948 qua
585 1882 707 1948 quaestor
716 1876 850 1947 superiore

42 1956 165 2019 tempore
180 1964 215 2002 er
226 1946 313 2004 Auiea
327 1947 455 2006 deoedens
468 1949 500 2016 Q.
514 1950 634 2006 Ennium
650 1952 754 2022 poetam
765 1950 850 2004 dedu-

42 2028 136 2078 xerat:
162 2021 236 2092 quod
252 2039 305 2078 non
322 2023 625 2088 minoriseestimamus,
640 2039 723 2093 quem
734 2023 850 2095 quemli-

42 2098 92 2153 bet
103 2093 301 2168 amplissimum
313 2096 509 2154 Sardiniensem
521 2096 698 2166 triumphum.

102 2171 137 2225 11.
158 2169 329 2226 Consulatum
342 2172 425 2246 gessit
436 2188 498 2226 eum
510 2171 543 2226 L.
557 2169 660 2226 Valerio
671 2167 778 2233 Finem,
791 2185 849 2224 sor-

43 2253 72 2301 te
85 2244 251 2316 provinciam
268 2252 362 2302 nemus
373 2245 529 2318 Hispaniam
546 2243 705 2308 citeriorem,
719 2259 809 2314 exque
818 2259 849 2298 ea

43 2319 215 2390 triumphum
228 2319 383 2391 deportavit.
421 2324 449 2378 t.
469 2319 509 2376 Ibi
522 2333 608 2392 quum
620 2316 723 2372 diutius
734 2334 850 2374 morere·

44 2401 100 2459 tur,
115 2395 146 2447 P.
154 2387 247 2464 Scipio
258 2393 407 2460 Atrianus,
427 2393 521 2450 consul
538 2394 643 2458 iterum,
663 2391 740 2448 euius
753 2392 780 2447 iu
794 2391 850 2464 pri-

43 2468 86 2523 ori
98 2467 238 2522 oonsuletu
250 2476 373 2540 quaestor
384 2467 478 2535 fuerat,
496 2467 581 2524 voluit
592 2483 655 2522 eum
668 2465 701 2522 de
712 2467 849 2539 provincia

45 2540 185 2612 depellere,
199 2542 290 2614 etipse
301 2541 483 2598 eisuoeedeoe.
511 2544 604 2614 Neque
612 2541 664 2596 hoo
672 2559 719 2613 per
727 2549 849 2596 sendum

45 2615 250 2687 effreerevpotuit,
258 2633 356 2688 quum
368 2615 477 2688 quidem
489 2615 577 2688 Scipio
593 2616 621 2670 io
634 2617 738 2672 civitate
750 2613 849 2686 priori-

45 2697 140 2765 patum
151 2689 291 2747 obtineret:
312 2689 386 2764 quod
397 2699 455 2748 tum
467 2708 521 2747 non
532 2690 656 2765 potentia,
670 2689 718 2747 sed
727 2689 785 2746 iure
793 2703 848 2744 res-
