2054 3232
196 191 229 248 92
326 187 410 244 XIX.
432 189 614 246 PHOClON.
635 188 717 246 CAP.
739 189 793 244 ΙΙΙ.
814 189 864 245 lv.

249 298 295 353 lli.
315 298 397 352 Erant
408 315 439 353 eo
451 307 566 370 tempore
577 298 688 353 Athenis
700 297 768 352 duae
780 297 919 363 factiones,
937 315 1001 370 qua-

195 389 256 428 rum
269 391 322 428 una
334 372 426 446 populi
438 368 545 428 causam
558 373 660 446 agebat,
674 373 753 428 altera
765 373 939 445 optimatum.
973 373 999 426 Iu

195 447 246 503 hao
257 455 311 504 erat
320 447 434 502 Phocion
446 455 472 502 et
480 449 626 503 Demetrius
637 448 788 503 Phalereus.
812 449 918 504 ilerum
931 455 988 502 utra

195 540 248 596 que
260 523 432 578 Macedonum
443 523 594 595 patrociniis
606 523 738 578 utebatur.
777 525 845 578 Nam
858 523 998 595 populares

114 655 117 662 ,
195 598 408 671 Polysperchonti
419 596 553 668 favebant3
565 599 703 670 optimates
712 613 774 653 cum
779 598 932 654 Cassandro
942 615 999 651 sen-

194 673 302 727 tiebant.
341 676 368 730 2.
389 673 495 728 iuterim
512 691 527 728 a
543 673 763 748 Polysperohonte
779 672 929 729 Cassander
946 673 998 726 hla-

195 747 302 802 cedonia
314 747 409 819 pulsus
421 755 469 803 est.
498 747 557 814 Quo
569 747 635 803 facto
646 749 762 822 populus
772 749 895 820 superior
904 746 996 810 factus,
1014 806 1015 812 ,

195 823 282 877 statim
295 823 375 877 duces
386 822 551 878 adversariae
563 822 681 879 factionis
694 824 786 896 capitis
800 823 941 878 damnatos
954 840 997 894 pa-
1014 815 1015 842 ¹

195 898 244 951 tria
260 896 374 968 pepulit;
401 897 429 952 in
446 898 489 952 his
506 899 663 954 Phocionem
684 907 709 954 et
726 899 888 953 Demetrium
906 897 997 952 Phale
1014 923 1015 938 .

195 987 284 1026 reum:
305 971 391 1043 deque
402 989 432 1026 ea
445 989 473 1027 re
490 972 588 1046 legatos
605 974 639 1028 ad
651 973 900 1048 Polysperchontem
914 972 994 1035 misit,

195 1045 332 1118 quiahoc
344 1053 466 1117 peterent,
481 1055 511 1102 ut
523 1067 572 1104 sua
584 1047 684 1104 decreta
697 1049 873 1104 confirmaret.
905 1051 932 1102 3.
946 1049 996 1101 lloc

194 1119 285 1175 eodem
298 1120 427 1192 profectus
439 1130 514 1177 estet
526 1125 651 1180 Phocion.
680 1123 739 1190 Quo
751 1132 781 1178 ut
793 1124 875 1188 venit,
891 1139 995 1176 musam

195 1195 266 1267 apud
283 1196 436 1269 Philippum
453 1215 542 1272 regem
560 1199 654 1264 verbo,
678 1216 706 1253 re
724 1199 780 1270 ipsa
798 1197 909 1270 quidem
927 1195 996 1269 apud

194 1270 440 1344 Polysperchontem
454 1273 544 1328 iussus
556 1282 594 1328 est
606 1274 705 1329 dicere:
719 1289 837 1344 namque
849 1273 873 1326 is
887 1281 945 1326 tum
958 1289 996 1325 re-

194 1345 236 1420 gis
257 1347 336 1401 rebus
355 1355 481 1419 praeerat.
521 1351 547 1404 f.
567 1349 616 1403 llic
636 1349 669 1404 ab
686 1347 825 1423 Agnonide
847 1355 993 1418 accusatus,

194 1420 266 1494 quod
274 1418 534 1478 PiraeeumNicanori
548 1423 714 1495 prodidisset,
730 1441 763 1478 ex
775 1423 879 1477 consilii
893 1431 996 1477 senten-

195 1497 229 1550 tia
244 1496 270 1551 in
281 1497 427 1561 custodiam
441 1499 581 1564 coniectus,
594 1499 709 1554 Athenas
718 1498 847 1554 deductus
859 1507 908 1565 est,
920 1506 951 1552 ut
960 1495 995 1550 ibi

194 1569 227 1626 de
239 1588 269 1626 eo
282 1571 385 1648 legibus
399 1573 470 1628 fieret
483 1573 623 1629 iudicium.
666 1607 667 1612 κ

249 1647 294 1702 tv.
315 1649 371 1702 Huc
384 1648 429 1702 ubi
442 1657 597 1720 perventum
611 1655 658 1714 est,
671 1665 757 1721 quum
770 1654 875 1720 propter
887 1651 994 1702 aetatem
1015 1667 1016 1672 ¹

194 1719 306 1793 pedibus
319 1723 372 1777 iam
385 1739 437 1778 nou
451 1723 561 1788 valeret,
577 1723 752 1795 vehiculoque
763 1731 923 1795 portaretur,
940 1739 994 1776 ma·

193 1796 240 1869 gni
253 1813 396 1852 concursus
409 1805 472 1852 sunt
484 1797 557 1864 facti,
573 1815 659 1870 quum
671 1798 726 1864 alii,
741 1799 939 1853 reminiscentes
951 1811 994 1850 ve-

193 1870 255 1924 teris
269 1869 364 1936 famae,
379 1873 468 1927 aetatis
480 1874 678 1942 misererentur3
699 1873 809 1946 plurimi
822 1890 886 1928 vero
899 1873 937 1926 ira
949 1888 994 1926 ex-

193 1956 348 2002 acuerentur
360 1957 463 2019 propter
475 1949 630 2021 proditionis
642 1948 993 2021 suspicionemPiraeei,ma-

192 2021 330 2096 ximeque,
345 2023 415 2096 quod
429 2023 557 2080 adversus
569 2025 660 2097 poprrli
674 2024 810 2079 commoda
823 2029 852 2078 in
864 2029 993 2078 senectute

192 2104 304 2153 steterat.
344 2102 370 2156 2.
394 2099 451 2166 Qua
470 2100 596 2156 dereris
612 2100 750 2172 perorandi
768 2099 879 2172 quidem
895 2098 920 2152 ei
937 2097 992 2152 data

192 2181 231 2227 est
244 2173 360 2240 facultas,
376 2183 401 2229 et
413 2174 516 2230 dicendi
529 2193 646 2232 causam.
676 2175 740 2239 lude
750 2174 857 2240 iudicio,
870 2171 991 2246 legitimis

192 2248 355 2318 quibusdam
367 2249 502 2313 confectis,
522 2249 676 2316 damnatus,
698 2249 808 2305 traditus
820 2257 859 2304 est
872 2247 992 2303 undecim

192 2322 267 2385 viris,
280 2324 379 2394 quibus
392 2323 425 2380 ed
438 2325 601 2397 supplicium
611 2343 683 2381 more
694 2325 897 2380 Atheniensium
906 2322 992 2395 puhli-

192 2412 221 2450 ce
233 2395 349 2454 damnati
361 2401 429 2455 tradi
441 2401 535 2456 solent.
570 2405 596 2456 3.
617 2401 665 2456 iiic
676 2417 762 2472 quum
775 2399 808 2454 ad
821 2407 931 2454 mortem
944 2397 992 2452 du-

192 2481 305 2534 ceretur.
329 2474 425 2533 obvius
442 2474 465 2530 ei
482 2473 533 2529 fuit
550 2475 738 2551 Emphyletus,
762 2491 817 2547 quo
833 2473 991 2528 familiariter

192 2545 276 2601 inierat
288 2565 364 2603 usus.
403 2551 429 2603 ls
441 2567 527 2622 quum
540 2549 680 2621 lacrimans
690 2549 814 2605 dixisset:
836 2567 852 2604 o
865 2551 943 2618 quoii
952 2553 991 2602 iu·

192 2626 272 2690 dipsa
282 2627 437 2690 perpeteris,
458 2625 581 2680 Phocion!
600 2625 663 2680 huic
676 2625 732 2690 ille,
747 2633 776 2679 at
785 2641 836 2678 non
849 2629 988 2692 inopinata,

193 2693 293 2767 inquit:
308 2700 376 2752 huuc
388 2701 456 2753 onim
467 2704 568 2755 mitum
578 2703 695 2770 plerique
705 2702 775 2756 clari
785 2703 839 2756 viri
850 2702 991 2757 mouerat
