2054 3232
122 269 126 277 ,
202 215 251 267 ΗΟ
279 155 293 187 1
316 211 432 267 XXIII.
452 209 667 268 HANNIBAL.
689 209 773 268 CAP.
793 212 880 268 XIII.

200 320 314 386 dissent,
337 320 404 393 prior
425 321 459 376 ab
481 321 560 376 ianua
582 320 744 392 prospiciens
761 319 905 375 Hannibali
923 319 1000 382 dlxit,

187 394 290 466 ·plure's
302 403 402 466 praeter
414 394 632 450 eonsuetudInonr
649 402 761 450 armatos
774 394 910 466 adparere.
950 393 1003 459 Qui

200 469 341 541 imperavit
360 469 399 536 oi,
421 477 452 524 ut
471 485 564 524 omnm
580 467 647 524 toras
663 469 954 532 aodifioiioiroumirat,
975 483 1004 520 ao

200 559 310 616 propero
325 544 378 598 sibi
394 544 568 610 renuntiaret,
592 561 659 608 num
675 544 767 600 andam
783 543 861 598 modo
879 542 1003 614 undique

200 617 372 674 obsideretur.
411 621 437 673 δ.
458 619 526 674 Puer
542 634 629 691 quum
644 617 769 684 oeloritar,
787 617 856 690 quid
867 624 947 681 osset,
963 633 1003 670 ro-

201 691 360 757 nuntiasset,
389 709 535 766 omnaaquo
558 693 646 747 oxitus
668 699 806 764 occupatos
827 691 998 752 ostendissem

93 771 95 780 '
201 765 292 830 sensit,
312 765 341 820 id
358 783 411 821 non
427 765 533 822 fortuito
545 765 653 831 lautum,
667 767 755 828 rodae
766 767 833 839 pati,
848 783 938 837 nequa
949 764 1001 818 sibi

201 839 303 894 diutius
315 840 398 894 vitam
409 857 467 895 assa
478 840 652 895 ratInendarn.
689 839 776 907 Quani
789 857 822 895 na
834 839 923 895 alieno
931 837 1001 893 arbi·

201 913 252 967 trio
267 913 420 978 dimitteret,
443 931 551 969 momor-
564 913 738 985 priatinarum
758 915 904 979 virtutum,
922 929 1003 968 vena·

202 1003 278 1049 nurn,
292 986 365 1058 quod
376 988 689 1058 somparsaanmbabora
699 995 877 1054 oonsuevarat,
893 987 999 1042 sumsit.

257 1059 329 1114 XIII.
350 1059 395 1115 Sia
410 1061 452 1116 vir
471 1060 646 1128 fortissimus,
669 1062 762 1119 multIs
783 1063 921 1136 variisque
942 1079 1000 1134 per-

202 1129 309 1188 lunotus
322 1131 464 1200 laboribus,
479 1152 549 1191 anno
561 1136 693 1209 acquievit
702 1137 907 1210 septuagesimo.
936 1135 1001 1202 Qui-

97 1207 109 1218 ’
202 1207 254 1262 bus
263 1207 419 1264 oonsulibus
429 1210 563 1275 interierit,
575 1226 629 1266 non
638 1211 770 1266 oonvanit.
800 1211 925 1282 Namqna
936 1209 1000 1264 Atti-

99 1289 110 1306 '
203 1297 260 1347 oua,
279 1283 366 1338 blaroo
381 1282 492 1340 Claudio
509 1283 639 1349 Maroallo,
657 1283 691 1350 Q.
704 1284 786 1339 Fabio
799 1285 922 1340 Labeone
933 1301 999 1338 oasa.

203 1363 348 1421 mortuum,
364 1357 391 1411 in
404 1357 493 1412 annali
506 1375 555 1412 suo
567 1358 696 1429 seriptum
709 1357 829 1429 reliquit:
856 1365 883 1413 at
895 1357 1001 1432 Polybi-

203 1447 246 1495 us,
265 1431 296 1485 L.
315 1429 428 1485 Aemillo
444 1430 536 1486 Paullo
551 1439 577 1485 at
588 1431 638 1486 Cn.
652 1431 748 1487 baebio
760 1432 914 1504 Tamphilo,
941 1431 1001 1486 Sul·

202 1504 289 1631 quoius
302 1513 398 1570 autam,
413 1505 443 1558 P.
458 1504 577 1560 Cornelio
587 1504 709 1578 Cethego,
722 1507 759 1561 ll.
770 1505 866 1562 baebio
875 1506 1002 1577 Tamphi-
1018 1561 1019 1564 ,

213 1595 238 1632 o.
277 1581 304 1634 2.
322 1577 409 1650 Aqua
421 1579 465 1633 hic
477 1586 564 1633 tantus
577 1579 619 1634 vir
630 1579 764 1652 tantisque
776 1579 854 1635 bellis
866 1580 1000 1634 districtus

203 1650 326 1706 nonnihil
352 1653 477 1724 temporis
499 1653 591 1707 tribuit
614 1651 715 1708 litteris.
754 1655 878 1727 Namque
899 1653 997 1726 aliquot

203 1725 262 1780 aius
286 1724 347 1779 libri
370 1735 441 1792 aunt,
461 1726 559 1782 Graooo
575 1743 696 1782 sermono
711 1725 834 1796 oonfaati;
862 1729 892 1784 in
908 1729 952 1783 his
970 1725 1000 1781 ad

204 1797 320 1852 Rhodios
332 1799 366 1853 do
378 1799 428 1855 Cn.
441 1801 532 1855 Manlii
546 1800 672 1856 Vulsonis
684 1801 713 1856 in
729 1801 792 1856 Aria
810 1802 891 1857 robus
909 1801 998 1878 gastia.

126 1873 138 1894 ·
204 1874 231 1926 3.
247 1871 333 1926 Italus
345 1871 413 1928 balla
425 1881 497 1946 gesta
509 1873 587 1930 multi
599 1875 740 1931 momoriae
752 1876 926 1948 prodiderunt
933 1887 943 1932 ε·
956 1874 999 1930 sad
1017 1933 1018 1944 ,

204 1959 237 2000 ax
254 1944 297 1998 his
313 1945 380 2011 duo,
399 1947 446 2018 qui
463 1963 525 2003 oum
541 1965 572 2004 oo
589 1949 617 2004 ln
634 1949 726 2006 castris
743 1947 851 2006 iurarunt
865 1950 998 2022 simulque
1017 1949 1018 1971 ¹

206 2019 337 2084 vixerunt,
352 2020 482 2091 quamdiu
494 2021 598 2079 fortuna
610 2039 687 2094 passa
697 2032 744 2086 ost,
759 2023 866 2079 Silanus
894 2033 920 2079 ot
931 2024 996 2079 Sosi-

205 2092 248 2148 lua
260 2094 491 2152 Laoodaornoniua.
530 2098 617 2168 Atque
628 2097 680 2152 boo
687 2097 776 2153 Sosilo
787 2099 921 2154 Hannibal
935 2099 996 2152 litto·

205 2185 294 2222 rarum
307 2169 465 2225 Graaoarum
478 2189 545 2226 urus
556 2179 595 2225 ost
606 2170 718 2228 doctore.
752 2175 782 2227 t.
804 2172 856 2227 Sed
871 2190 921 2227 noa
936 2181 996 2226 tem·

204 2257 256 2312 pua
268 2251 308 2296 ost
319 2243 402 2298 huius
415 2243 572 2300 libri'laoero
585 2246 673 2311 finoni,
688 2253 713 2300 et
724 2247 905 2301 Romanorum
917 2244 994 2318 expli·

205 2330 263 2368 nara
284 2316 465 2387 imparatoraa:
491 2337 546 2390 quo
567 2318 684 2384 labilius,
706 2319 806 2374 oollatis
827 2327 995 2391 utrorumque

205 2386 289 2455 laotia,
303 2392 352 2463 qui
364 2391 415 2447 viri
427 2392 589 2464 praalarandi
601 2393 664 2459 sint,
679 2394 761 2466 ponit
774 2393 896 2449 ludioari.
