2058 3234
279 199 312 262 V.
333 199 466 266 ClMON.
488 202 570 258 CAP.
590 204 611 259 1.
811 207 839 259 ‘ll

29 318 228 368 reverteretur:
249 312 277 368 ln
289 313 394 378 itinere,
406 329 492 385 quum
502 312 554 366 iam
566 312 592 366 in
603 329 633 367 eo
642 319 722 376 esset,
734 320 763 366 ut
773 329 844 368 com-

27 388 264 459 prehenderetur,
275 405 309 444 ex
318 387 395 443 vultu
405 387 544 442 cuiusdam
554 387 654 458 ephori,
668 387 715 459 qni
726 405 786 442 curn
798 388 845 441 ad-

29 480 150 517 monere
160 463 289 534 cupiebat,
302 463 411 517 insidias
422 463 474 517 sibi
484 463 540 517 lieri
551 461 688 516 intellexit.
713 465 739 517 2.
755 464 845 533 ltaque

29 539 136 608 paucis
146 545 206 592 ante
214 537 351 614 gradibuS,
364 555 445 609 quam
455 537 503 610 qui
513 537 703 609 sequebantur,
715 536 743 591 in
754 537 844 592 aedem

29 613 62 665 M
65 613 72 665 i
77 629 186 678 nervae,
198 629 266 670 uuae
276 613 425 682 χαλκίοικος
437 619 552 678 vocetur,
568 609 696 684 confugit.
734 612 803 668 llino
812 630 845 668 ne

30 688 114 743 exire
129 696 229 759 posset,
244 688 332 744 stetim
346 688 437 760 ephori
447 687 538 744 valvas
553 687 611 742 eius
624 688 697 742 aedis
706 687 845 742 obstruxe-

30 769 119 828 runt,
132 769 282 835 tectumque
291 771 355 818 sunt
363 761 493 828 demoliti,
509 779 564 834 quo
575 761 679 816 facilius
687 762 739 816 sub
748 762 792 817 dio
803 763 845 817 in-

32 838 141 894 teriret.
160 853 165 868 ‘
180 841 206 892 3.
227 838 338 904 Dicitur,
354 855 385 893 eo
398 845 513 909 tempore
526 844 635 892 matrem
646 837 790 893 Pausaniae
803 837 845 894 vi-

30 913 128 978 xisse,
150 928 261 984 eamque
275 913 329 968 iam
342 929 439 987 magno
454 919 531 977 natu,
553 920 693 986 postquam
707 911 740 966 de
749 911 844 968 scelere

32 988 89 1042 filii
100 989 239 1058 comperit,
258 988 284 1043 in
295 987 389 1059 primis
398 986 432 1042 ad
442 987 529 1042 filium
537 985 715 1042 claudendum
729 986 844 1060 lapidem

32 1063 71 1118 ad
84 1063 224 1118 introitum
234 1062 305 1117 aedis
314 1061 442 1117 attulisse.
472 1064 498 1116 l.
513 1061 557 1117 Sic
566 1063 709 1118 Pausanias
718 1080 844 1138 magnam

32 1136 105 1194 belli
115 1137 228 1211 gloriam
238 1138 308 1209 turpi
319 1144 402 1194 morte
410 1135 560 1192 maculavit.
594 1138 643 1191 Hic
652 1155 737 1209 quum
748 1139 844 1192 semia-

32 1213 124 1268 nimis
134 1211 167 1266 de
178 1211 274 1284 templo
283 1211 366 1268 elatus
375 1219 452 1278 esset,
464 1211 600 1268 confestim
610 1213 726 1266 animam
736 1211 843 1268 elllavit.

34 1291 64 1343 ὅ.
89 1287 175 1343 Cuius
185 1288 280 1342 mortui
291 1303 480 1360 corpusquum
489 1286 580 1342 eodem
594 1286 715 1342 nonnulli
729 1287 845 1342 dicerent

35 1361 134 1417 inferri
144 1369 274 1434 oportere,
286 1379 341 1434 quo
350 1361 392 1428 hi,
404 1363 452 1434 qui
462 1361 496 1418 ad
505 1361 667 1433 supplicium
678 1371 764 1417 essent
774 1362 841 1417 dati:

34 1436 178 1508 displicuit
186 1436 318 1509 pluribus,
332 1444 358 1491 et
366 1436 455 1508 procul
466 1437 499 1491 ab
509 1453 540 1492 ec
550 1437 605 1491 loco
615 1435 777 1501 infoderunt,
790 1453 844 1508 quo

34 1519 96 1568 erat
114 1519 246 1568 moturus.
285 1511 349 1568 lnde
367 1512 497 1583 posterius
518 1511 560 1566 dei
578 1511 697 1584 Delphici
720 1527 844 1582 responso

33 1595 147 1653 erutus,
159 1595 238 1660 atque
249 1586 340 1643 eodem
350 1585 406 1642 loco
419 1585 548 1660 sepultus,
562 1586 609 1642 ubi
619 1585 700 1643 vitam
710 1594 840 1660 posuerat

34 1749 845 1809 wewwmmmmmmmm

420 1905 464 1962 V.

298 2007 595 2070 CIMON.

387 2146 457 2205 Car.
478 2147 501 2204 l.

95 2250 212 2330 Cruor,
229 2264 391 2321 Miltiauis
409 2282 521 2330 saurus,
539 2262 755 2330 dinaniensis,
777 2262 845 2320 duro

37 2337 187 2395 admodum
206 2339 281 2395 initio
298 2357 365 2395 usus
384 2347 423 2395 est
441 2338 637 2395 adolescentiae.
676 2339 745 2395 Nam
756 2357 843 2412 quum

36 2423 114 2487 pater
123 2415 181 2470 eius
190 2414 262 2470 litem
276 2415 436 2470 aestimatam
453 2414 549 2486 populo
562 2413 663 2470 solvere
676 2431 728 2470 non
743 2415 846 2486 potuis-

37 2498 92 2555 set,
103 2489 139 2544 ob
148 2507 260 2562 eamque
268 2505 375 2545 causam
384 2489 413 2546 in
424 2489 538 2544 vinculis
548 2489 664 2562 publicis
677 2489 841 2557 decessisset,

38 2565 136 2620 Cimon
151 2563 242 2620 eadem
256 2564 373 2620 custodia
388 2565 534 2630 tenebatur,
550 2582 637 2637 nequo
650 2563 754 2638 legibus
763 2564 845 2619 llthe-

38 2639 177 2694 niensium
186 2639 269 2695 emitti
279 2647 391 2712 poterat,
404 2639 455 2694 nisi
466 2641 614 2711 pecuniam,
627 2657 681 2711 qua
691 2647 763 2710 pater
772 2637 844 2692 mul-

38 2723 111 2770 tatus
121 2713 331 2782 eret,solvisset.
369 2716 397 2774 2.
416 2715 534 2771 Habebat
541 2721 629 2770 eutem
640 2715 668 2770 in
677 2712 844 2795 matrimonio
