2058 3234
237 223 275 280 X.
295 221 399 282 DION.
420 221 502 282 CAP.
522 221 576 280 IX.
595 221 635 280 X.
804 225 838 281 rt

13 332 185 398 deducunt,
197 349 229 388 ao
240 334 328 389 iurare
342 341 454 408 cogunt,
471 332 539 388 nihil
554 333 588 388 ab
603 331 650 388 iiio
663 329 773 404 periculi
783 331 838 390 fore
918 397 922 408 v

12 408 120 464 Dioni.
161 406 208 462 Ille
218 409 268 464 hao
277 409 403 482 reiigione
413 427 466 464 non
477 408 555 464 modo
565 427 617 465 non
627 408 778 472 deterritus,
791 408 838 464 sed

15 485 54 539 ad
67 483 266 538 maturandum
276 485 419 540 concitatus
428 491 479 549 est,
495 501 603 548 verens,
620 501 653 538 ne
667 483 743 554 prius
751 483 838 538 musi-

15 558 100 614 lium
110 557 258 628 aperiretur
270 577 360 624 suum,
373 575 456 630 quam
465 567 557 613 conata
566 557 723 630 perfecisset.

83 633 139 686 IX.
160 631 214 687 liae
223 641 310 702 mente
319 634 439 705 pmximo
448 633 491 688 die
501 633 574 698 sesto,
586 651 671 708 quum
682 651 696 687 a
707 641 838 689 conventu

17 715 167 764 remotum
182 725 211 763 se
220 709 286 764 Dion
300 707 371 764 domi
385 716 494 773 teneret,
511 709 626 780 atquem
642 708 757 763 eonciavi
769 709 840 762 edito

18 783 213 849 recubuisset,
228 783 339 838 consciis
355 783 410 838 loca
424 784 566 838 munitiora
579 783 669 854 oppidi
681 783 769 850 tradit,
791 783 840 837 do·

19 875 110 914 mum
125 859 253 913 custodiis
262 859 342 931 sepit;
363 857 489 914 aforibus
498 858 553 930 qu'r
561 875 614 913 non
625 858 773 922 discedant,
784 874 838 912 oer-

20 943 67 989 tos
80 932 215 1004 praeficit3
241 937 268 990 ἢ.
288 951 384 989 navem
394 934 527 988 triremem
537 934 644 988 armatis
654 941 737 997 ornat,
751 931 840 988 Philo·

21 1016 178 1079 stratoque,
189 1007 261 1062 [ratri
271 1026 330 1074 suo,
343 1009 429 1074 tradit,
445 1025 557 1081 eamque
568 1008 594 1064 in
605 1005 681 1080 por'tu
693 1027 715 1062 ει(
729 1008 785 1062 itari
797 1009 839 1062 iu-

20 1084 85 1146 bet,
99 1090 130 1136 ut
140 1081 163 1134 si
172 1099 290 1137 exeroere
298 1083 411 1157 remiges
422 1082 512 1138 veliet:
532 1083 658 1156 cogitans,
671 1081 694 1137 si
705 1027 768 1137 {arte
777 1099 840 1140 oon·

22 1156 104 1213 siliis
119 1155 262 1211 obstitisset
271 1156 387 1222 fortuna,
403 1165 433 1213 ut
442 1157 563 1222 haberet,
580 1173 634 1229 quo
644 1157 786 1230 fugeretad
797 1175 839 1211 sa-

23 1232 130 1287 lutem.
170 1233 196 1285 3.
216 1231 331 1286 Suorum
346 1239 433 1286 autem
446 1249 461 1286 e
475 1248 586 1286 numero
600 1233 757 1304 Zacynthios
776 1231 840 1286 ado·

23 1307 162 1362 lescentes
171 1305 301 1376 quosdam
311 1305 397 1378 eligit,
415 1323 501 1378 quum
510 1305 713 1370 audacissimos,
730 1314 786 1360 tum
799 1306 841 1360 vi-

24 1382 111 1436 ribus
122 1379 262 1448 maximis,
284 1379 381 1452 hisque
390 1379 434 1434 dat
448 1381 597 1454 negotium,
613 1380 647 1434 ad
656 1381 764 1434 Dionem
780 1389 840 1435 eant

25 1456 165 1518 inermes,
182 1453 221 1508 sic
230 1461 260 1509 ut
269 1454 442 1510 conveniendi
456 1456 514 1509 eius
530 1455 612 1528 gratia
628 1454 780 1509 viderentur
795 1471 840 1509 ve-
857 1525 860 1531 1

26 1531 103 1586 nire.
143 1529 176 1582 Hi
186 1537 290 1600 propter
300 1529 418 1584 notitiam
427 1537 491 1584 sunt
504 1529 660 1583 intromissi.
699 1531 725 1584 i.
745 1528 837 1594 Atilii,
854 1552 859 1556 ·

26 1613 62 1660 ut
79 1598 166 1658 limon'
178 1603 236 1658 eius
250 1603 394 1668 intrarunt,
410 1603 512 1660 foribus
520 1603 660 1668 obseratis,
675 1603 704 1658 in
720 1602 841 1658 lectoru-

26 1681 143 1744 bantem
154 1677 293 1744 invadunt,
304 1678 441 1752 colligent;
464 1679 493 1733 fit
502 1680 635 1750 strepitus,
647 1678 711 1734 adeo
720 1689 750 1734 ut
758 1695 840 1734 exau-

27 1755 86 1810 diri
97 1760 187 1826 posset·
195 1751 268 1808 toris.
306 1755 333 1808 5.
354 1753 411 1818 Hie,
422 1753 500 1826 (sicut
509 1761 569 1809 ante
578 1753 679 1808 drotum
689 1755 745 1824 est),
757 1771 840 1827 quam

29 1829 124 1884 invisa
134 1827 169 1882 sit
178 1825 323 1902 singularis
332 1827 460 1900 potentia,
475 1836 501 1884 et
511 1827 659 1884 miseranda
670 1829 736 1894 vita,
753 1834 841 1902 quise

28 1903 119 1959 metui
134 1919 217 1974 quam
227 1903 309 1957 amari
320 1902 435 1968 malunt,
451 1903 539 1958 cuivis
552 1902 627 1958 facile
637 1903 768 1959 intellectu
779 1904 839 1960 init.

30 1983 59 2034 6.
82 1980 207 2050 Namque
220 1977 258 2031 iiii
271 1977 321 2049 ipsi
331 1977 461 2042 custodes,
472 1978 495 2032 si
505 1979 615 2050 propitia
624 1977 736 2034 tuissent
746 1979 841 2033 voiun-

30 2061 98 2118 tato,
116 2051 524 2108 toribuseisractisservareenm
538 2053 696 2123 potuissent,
712 2053 785 2124 quod
801 2052 840 2107 illi

32 2128 165 2193 inermes,
179 2127 261 2182 telum
273 2126 336 2182 ioris
346 2126 505 2201 flagitantes,
515 2127 609 2180 virum
619 2126 750 2180 tenebant.
789 2125 839 2182 Cui

33 2221 123 2276 quum
132 2210 295 2258 succurreret
304 2219 390 2266 nemo,
401 2203 472 2276 Lyco
481 2200 591 2273 quidam
602 2199 784 2274 Syracusanus
794 2217 841 2272 per

32 2278 163 2334 fenestras
172 2277 293 2351 gladium
301 2277 381 2342 dedit,
393 2293 448 2349 quo
456 2277 523 2332 Dion
534 2273 683 2330 interiectus
693 2281 741 2330 est.

89 2354 128 2407 X.
150 2351 270 2408 Confecta
280 2352 371 2417 caede,
386 2367 473 2423 quum
487 2349 630 2406 multitudo
643 2350 746 2405 visendi
757 2351 841 2425 gratia

35 2427 182 2491 introisset,
203 2426 325 2482 nonnulii
340 2427 375 2481 ab
389 2425 481 2482 insciis
496 2443 544 2498 pro
557 2426 645 2482 noxiis
654 2425 839 2482 conciduntur.

35 2504 104 2558 Nam
114 2501 192 2556 celeri
203 2518 308 2556 rumore
317 2501 406 2565 dilato,
413 2501 490 2556 Dioni
498 2501 555 2558 vim
565 2501 679 2566 allatam,
691 2501 768 2556 muiti
778 2519 841 2556 con·

37 2583 183 2642 currerent,
205 2575 306 2648 quibus
319 2575 370 2632 tale
384 2574 487 2636 facinus
506 2575 669 2648 displicebat.
708 2577 755 2640 Hi,
775 2575 841 2630 falsa

38 2652 188 2724 suspicione
196 2649 278 2716 ducti,
290 2651 458 2706 immerentes
467 2657 498 2706 ut
505 2649 642 2706 sceleratos
651 2649 783 2705 occidunt.
812 2652 838 2703 2.

38 2727 122 2783 Huius
137 2726 172 2782 do
184 2733 269 2782 morte
277 2733 308 2783 ut
316 2724 405 2799 padam
413 2724 513 2782 famum
524 2732 577 2792 est,
598 2723 753 2794 mirabiliter
765 2721 840 2796 vulgi
