2054 3232
200 206 297 266 XVII.
317 203 550 267 AGESILAUS.
571 211 654 267 CAP.
674 213 702 270 V·
819 214 854 269 77

46 314 159 372 bellica:
181 319 243 389 qui,
265 336 351 392 quum
370 319 462 376 victori
480 327 610 392 praeesset
628 321 753 376 exercitui
767 323 854 378 maxi-

45 403 179 464 mamque
197 393 304 450 haberet
322 393 447 450 fiduciam
466 395 542 470 regni
561 397 699 451 Persarum
720 397 850 468 potiundi,

46 474 121 522 tanta
132 469 259 524 modestia
268 469 338 524 dioto
350 469 460 526 audiam
474 469 525 526 luit
537 469 618 525 iussis
632 471 781 526 absentium
796 489 853 528 ma-

47 544 222 614 gisorcium,
234 553 264 600 ut
272 544 296 600 si
305 543 578 632 privatusinocmitio
586 554 655 601 esset
663 546 779 618 Spartae.
800 547 854 602 Cu-

47 619 95 672 ius
108 619 263 690 exemplum
276 627 380 677 utinam
393 620 561 694 imperatores
570 623 653 676 uestri
666 622 743 694 sequi
753 620 854 676 veluis-

48 693 123 748 sentl
145 693 427 752 Sedillucoedeamus.
460 701 487 752 3.
506 695 646 770 Agesilaus
654 697 854 768 opulentissimo

47 785 134 840 reguo
143 769 293 840 praeposuit
301 770 399 826 bouem
408 771 641 837 existimationem,
652 771 789 844 multoque
796 771 854 845 glo-

41 843 150 898 ‘riosius
164 843 255 910 duxit,
275 845 299 899 si
313 845 440 900 institutis
453 846 552 918 patriae
565 847 707 920 paruisset,
728 864 810 919 quam
830 846 853 900 si

48 917 122 972 hello
142 927 290 990 superasset
302 919 404 975 Asiam.
444 924 470 976 l.
490 923 543 976 Hac
561 922 643 996 igitur
655 929 743 977 mente
755 920 854 976 Helles-

49 1000 165 1064 pontum
178 994 266 1066 eopias
278 995 390 1060 traiecit,
402 1002 528 1068 mutaque
535 1015 602 1052 usus
611 1005 651 1052 est
660 997 801 1063 celeritate,
812 1003 851 1062 ut,

50 1067 127 1140 quod
140 1069 188 1123 iter
197 1069 299 1124 Xerxes
308 1087 378 1126 anno
386 1077 502 1126 vertente
515 1071 671 1138 coniecerat,
687 1073 732 1127 hio
744 1071 855 1126 transie-

50 1145 87 1198 rit
101 1143 210 1217 triginta
223 1144 328 1200 dicbus.
366 1149 393 1200 o.
413 1145 504 1212 Quum
518 1145 572 1201 iam
586 1147 659 1201 haud
672 1147 706 1202 ita
722 1147 798 1220 longe
808 1147 855 1201 ab·

51 1225 122 1274 esset
135 1218 351 1290 aPclcpcnneso‚
366 1219 493 1276 obsistere
505 1221 531 1276 ei
545 1221 630 1276 conati
639 1229 703 1276 sunt
712 1221 856 1276 Athenien-

51 1311 96 1350 ses
109 1301 136 1349 et
144 1294 255 1356 Boeotii,
271 1295 403 1368 ceterique
415 1311 507 1352 eorum
521 1296 599 1361 sccii,
616 1295 687 1368 apud
696 1295 853 1351 Coroneam:

51 1386 123 1441 quos
132 1386 225 1424 omnes
232 1369 309 1443 gravi
317 1370 416 1446 proelio
423 1371 497 1428 vicit.
536 1375 563 1426 6.
584 1369 669 1426 Huius
681 1371 804 1427 victoriae
812 1369 855 1426 vel

52 1443 173 1500 maxima
188 1443 323 1510 mittans,
339 1445 425 1518 quod,
441 1463 528 1519 quum
541 1444 661 1518 plerique
674 1463 708 1502 ex
717 1444 780 1519 iuga
788 1463 817 1500 se
826 1445 855 1500 in

52 1519 185 1591 templum
194 1521 329 1576 Minervae
335 1521 520 1587 coniecissent,
535 1528 758 1593 quaerereturque
770 1521 804 1575 ab
813 1537 853 1585 ec,

52 1594 122 1667 quid
136 1594 180 1650 his
193 1594 251 1650 fieri
263 1595 355 1661 uellet,
374 1596 423 1651 etsi
437 1595 538 1668 aliquot
551 1595 662 1652 vulnera
681 1602 812 1667 acceperat
825 1611 857 1649 ec

51 1668 162 1742 proelio,
174 1677 201 1725 et
209 1669 291 1725 iratus
300 1669 439 1726 videbatur
447 1671 582 1737 omnibus,
589 1671 637 1744 qui
647 1671 773 1727 adversus
783 1687 856 1725 anna

52 1744 182 1811 tuleram,
198 1751 287 1800 tamen
296 1744 417 1800 auoetulit
425 1745 480 1800 irae
493 1745 662 1820 religionem,
677 1754 704 1801 et
716 1763 760 1801 eos
773 1745 857 1800 vetuit

52 1819 160 1876 uiolari.
199 1819 225 1874 Ἷ.
246 1821 338 1892 Neque
347 1837 410 1877 vem
419 1820 469 1876 lroo
478 1820 565 1876 solum
576 1821 604 1876 in
615 1821 722 1876 Graecia
736 1820 808 1886 iecit,
826 1827 857 1874 ut

52 1895 153 1967 templa
163 1893 274 1950 deorum
284 1903 373 1950 sancta
386 1895 507 1966 haberet;
528 1895 667 1952 sedetiam
682 1896 753 1968 apud
762 1895 857 1950 barba-

53 1987 97 2026 ros
111 1986 218 2026 summa
232 1969 359 2044 religione
370 1971 461 2026 omnia
474 1971 615 2027 simulacra
628 1987 740 2042 arasque
753 1985 857 2024 museo-

53 2046 138 2101 vavit.
178 2048 205 2099 8.
225 2046 316 2118 ltaque
328 2045 506 2118 praedicabat,
522 2046 614 2102 mirari
628 2063 670 2111 sc,
686 2061 739 2099 non
752 2043 857 2098 sacrile-
931 2096 939 2106 ,

54 2135 152 2194 gerum
162 2135 273 2176 numero
282 2120 387 2188 haberi,
399 2121 447 2194 qui
457 2119 624 2192 supplicibus
632 2119 742 2174 deorum
751 2118 857 2173 nocuis-

54 2203 127 2264 sent;
149 2203 257 2250 autnon
267 2196 434 2269 gravioribus
444 2193 627 2268 poenisallici‚
644 2193 692 2266 qui
702 2193 856 2268 religionem

55 2270 214 2335 minuerent,
228 2287 310 2342 quam
319 2272 368 2344 qui
377 2271 438 2327 fana
447 2270 597 2343 spoliarent.

109 2345 145 2400 V.
157 2345 218 2398 Post
227 2345 277 2400 hoo
285 2347 415 2418 proelium
425 2345 548 2402 collatum
558 2353 598 2400 est
607 2361 687 2400 omne
695 2341 796 2400 bellurn
807 2343 858 2398 cir-

55 2437 84 2474 ca
94 2419 263 2486 Corinthum,
275 2419 387 2495 ideoque
396 2422 562 2477 Corinthium
572 2429 610 2476 est
621 2419 790 2492 appellatum.
829 2422 856 2474 2.

53 2495 103 2550 ilio
115 2511 204 2568 quum
217 2513 272 2550 una
285 2513 376 2571 pugna
390 2496 479 2552 decem
493 2496 578 2552 millia
590 2497 721 2561 hostiurn,
737 2493 858 2568 Agesilao

54 2569 132 2635 duce,
147 2569 311 2637 cecidissent,
327 2587 410 2643 eoque
420 2571 485 2626 iacto
494 2587 556 2642 opes
565 2571 774 2626 aduersariorum
784 2567 859 2622 debi-

54 2643 144 2700 litatae
153 2644 319 2702 viderentur:
341 2654 442 2702 tantum
453 2645 538 2701 abluit
550 2647 585 2702 ab
597 2645 736 2700 insolentia
749 2641 856 2716 gloriae,

55 2727 87 2776 ut
94 2720 297 2777 commiseratus
305 2722 340 2777 sit
349 2721 479 2777 iorttmam
491 2719 623 2788 Graeciae,
635 2717 708 2794 quod
717 2727 771 2775 um
779 2715 858 2773 multi
