2054 3232
157 232 209 286 '8I
323 225 437 285 XVIII.
458 226 654 284 EUMENES.
675 225 758 284 GAP.
777 226 828 284 VI.

176 337 262 402 daret,
282 335 359 408 sa'epe
370 337 399 392 in
412 337 551 392 itineribus
563 337 721 394 vexabatur:
743 352 831 408 neque
848 353 979 409 umquem

176 413 211 468 ad
223 429 333 466 manum
345 411 465 466 accedere
475 411 575 478 licebat,
588 411 640 466 nisi
650 411 693 466 his
704 409 776 478 locis,
788 411 892 484 quibus
902 412 978 483 pauci

176 486 522 558 multispossentreeistere.
543 489 569 542 3.
580 486 978 558 Sedextremotempnre,quum

176 561 286 618 oonsiIio
298 561 356 633 oapi
369 579 422 618 non
435 569 530 634 posset,
542 561 713 618 multitudine
721 561 921 618 circumventus
930 569 977 615 est.

176 635 244 692 Hinc
255 645 352 702 tamen,
364 635 456 692 multis
469 637 526 692 suis
538 637 652 702 amissis,
664 653 693 691 se
705 635 847 708 expedirit,
860 643 887 690 et
899 637 927 690 in
938 653 979 691 ca-

177 711 283 766 stellum
296 711 435 786 Phrygiae,
450 711 523 784 quod
535 713 604 767 Nora
616 710 770 783 appellatur,
787 709 918 784 confugit.
952 713 976 764 t.

177 787 208 842 in
220 803 274 859 quo
286 803 372 858 quum
385 785 625 852 circumsederetur,
637 793 663 840 ct
675 793 815 851 vereretur,
828 801 862 840 ne
874 802 930 840 uno
942 783 979 840 lo-

176 879 207 916 eo
220 877 330 916 manens
342 877 424 936 eques
437 861 563 916 militares
574 859 701 933 perderet,
713 860 786 932 quod
795 861 913 932 spatium
925 877 978 914 non

177 943 244 992 esset
256 935 387 1008 agitandi:
408 933 535 990 callidum
546 935 597 990 iuit
608 936 666 990 eius
678 935 830 1002 inventum,
850 933 978 1007 quemad·
1013 985 1014 1006 ,

177 1010 288 1066 modum
305 1016 377 1064 stans
395 1008 544 1066 iumentum
562 1009 674 1066 calefieri
691 1009 860 1082 exercerique
879 1019 975 1081 posset,
1013 1013 1014 1018 ’

177 1102 232 1157 quo
249 1083 374 1139 libentius
391 1091 416 1139 et
428 1085 487 1140 cibo
499 1093 614 1140 uteretur
630 1092 656 1139 et
673 1102 688 1139 a
704 1085 820 1156 corporis
837 1094 913 1140 motu
925 1101 977 1140 non

177 1165 363 1214 removeretur.
383 1162 410 1214 ὅ.
424 1159 625 1233 Substringebat
636 1166 715 1231 ceput
727 1159 782 1214 loro
794 1157 884 1225 altius,
897 1176 977 1230 quam
1013 1157 1014 1232 i

177 1245 207 1290 ut
224 1234 356 1306 prIoribus
377 1233 490 1306 pedibus
510 1233 588 1307 plane
610 1242 707 1290 terram
727 1241 815 1306 posset
835 1235 974 1307 attingere,

177 1308 272 1364 deinde
283 1309 472 1381 posterioribus
483 1310 591 1384 cogebat
607 1308 739 1365 exsultare
751 1315 777 1364 et
786 1307 870 1364 caloes
888 1309 978 1362 remit·
1013 1313 1014 1390 t

177 1393 240 1440 tere.
269 1383 716 1454 Quimotusnonminussudcrem
728 1383 884 1448 excutiebat,
897 1400 977 1456 quam
1013 1395 1014 1456 t

177 1460 200 1514 si
210 1460 238 1532 ip
247 1460 331 1532 spatio
340 1459 515 1514 decurrerent.
555 1463 581 1516 6.
605 1457 771 1526 Quoiaetum
780 1465 827 1524 est,
840 1457 978 1530 quodom-
1013 1457 1014 1490 I

178 1533 259 1590 nibus
271 1533 392 1588 mirabile
403 1541 442 1588 est
455 1535 557 1600 visum,
576 1542 607 1589 ut
623 1534 741 1591 iumenta
754 1549 837 1606 aeque
848 1532 934 1588 nitida
945 1549 977 1586 ex

177 1607 282 1664 castello
293 1609 421 1674 educeret,
433 1626 519 1681 quum
531 1607 681 1680 complures
689 1625 793 1664 menses
803 1607 832 1662 in
841 1607 978 1664 obsidione

177 1682 278 1748 fuisset,
293 1700 324 1738 ao
335 1683 359 1738 si
372 1683 400 1739 iu
413 1684 603 1755 campestribus
616 1701 646 1738 ea
659 1683 722 1738 lonis
735 1683 881 1738 habuisset.
907 1683 934 1736 7.
949 1683 976 1736 ln
1013 1751 1014 1754 Ἴ

177 1757 228 1813 bae
239 1757 417 1823 conclusione,
436 1760 653 1830 quotiescumque
665 1757 762 1822 voluit,
787 1756 943 1828 adparatum
955 1764 977 1809 et
1013 1769 1014 1808 t

178 1832 339 1887 munitiones
351 1831 477 1905 Antigoni
488 1833 554 1888 aIias
567 1833 692 1898 Incendit,
706 1832 777 1890 alias·
785 1831 897 1888 disiecit.
931 1832 978 1884 Te·

179 1907 238 1965 nuit
254 1914 341 1962 autern
358 1924 387 1960 se
402 1924 457 1962 uno
474 1907 542 1974 Ioco,
561 1907 692 1981 quamdiu
704 1905 755 1964 fuit
767 1907 863 1964 hiems.
903 1903 978 1972 Quod
1013 1943 1014 1960 r

178 1989 294 2038 oestrum
305 1981 424 2037 subsidia
436 1982 532 2038 habere
544 2001 597 2038 non
609 1989 721 2054 poterat,
740 1989 766 2036 et
778 1999 823 2037 ver
836 1981 978 2054 appropia·
1013 1963 1014 2036 A

179 2057 286 2130 quabat,
299 2056 423 2112 simulata
436 2057 580 2124 deditione,
595 2057 661 2112 dum
673 2057 706 2112 de
718 2057 914 2112 conditionibus
927 2063 978 2112 tra·
1013 2073 1014 2078 ¹

178 2137 237 2197 ctat,
249 2131 383 2204 praefectis
394 2131 520 2206 Antigoni
532 2133 667 2205 imposuit,
679 2149 761 2204 seque
769 2149 800 2188 eo
811 2149 875 2188 suos
887 2147 977 2188 omnes
1013 2187 1014 2190 ,

178 2208 291 2261 extraxit
303 2207 457 2262 incolumes.
470 2237 480 2254 ·
1013 2207 1014 2252 I

234 2281 279 2336 VI.
299 2279 341 2335 Ad
352 2281 580 2356 huncOIympias,
594 2289 678 2338 mater
689 2299 758 2355 quae
770 2281 855 2339 iuerat
864 2279 977 2336 Alexan·
1013 2275 1014 2342 J

179 2352 234 2418 dri,
254 2371 340 2424 quum
352 2354 449 2411 litteras
462 2364 487 2411 et
499 2357 606 2412 nuntIos
620 2357 735 2412 misisoet
752 2358 780 2412 in
792 2355 898 2420 Asiam,
917 2371 978 2408 con-
1013 2417 1014 2420 Ἰ

179 2427 293 2494 snitum,
317 2437 408 2484 utrum
428 2431 567 2504 repetitum
583 2431 761 2488 Macedoniam
782 2431 884 2486 venbet
904 2429 978 2502 (nam
1013 2465 1014 2470 κ

179 2511 238 2558 tum
251 2501 279 2557 iu
292 2503 835 2580 Epirobubitubat)eteasresoocuparet:
868 2507 896 2560 2.
915 2503 979 2558 huio

179 2577 224 2632 ille
235 2577 354 2650 primum
366 2579 457 2644 suasit,
473 2597 507 2634 ne
517 2597 546 2635 se
559 2588 682 2646 moveret,
696 2589 723 2635 et
733 2586 902 2651 exspectaret,
912 2593 979 2648 quo-
1013 2579 1014 2622 I

180 2650 214 2704 ad
230 2650 373 2706 Alexandri
392 2651 462 2706 filios
479 2671 591 2726 regnum
607 2655 807 2740 adeisoeretur3
828 2653 873 2710 siu
890 2650 979 2724 aliqua
1011 2629 1014 2672 A

180 2723 321 2800 cupiditate
337 2728 470 2805 raperetur
486 2727 513 2786 iu
527 2727 719 2796 Macedonium.
733 2729 856 2794 omnium
868 2726 979 2788 iniuria·
