2058 3234
185 208 218 260 54
325 203 410 261 XIII.
431 202 666 261 TIIIOTIIEUS.
687 203 771 261 clu.
791 203 840 262 III.

186 331 239 386 que
247 321 419 386 praestantes,
436 332 551 386 quonun
561 313 671 368 oonsilio
685 321 812 378 uteretur,
827 319 935 384 pateret
944 331 981 368 so

185 407 239 443 cer:
261 389 334 462 quod
348 390 376 444 in
391 389 433 444 his
448 397 518 452 tauta
531 397 585 444 erat
598 389 750 454 auctoritas,
771 395 801 443 ut
814 406 912 462 magna
925 405 981 460 spes

149 476 153 483 ·
185 471 264 529 esset,
283 481 330 536 per
343 483 386 520 eos
401 465 498 520 amissa
512 481 589 536 posse
602 465 761 535 recuperari.
801 466 826 518 3.
847 464 881 517 lli
900 481 982 536 quum

185 506 295 593 Samum
303 538 518 625 pmlectiesseut,
529 538 654 594 eteoclem
665 538 775 604 Chares,
791 537 907 594 adventu
918 537 984 612 [illo-

184 611 255 686 rum]
266 615 383 686 cognIto,
399 629 461 668 cum
471 614 528 667 suis
537 614 621 686 copiis
634 581 855 684 proficiaoeletur,
872 629 906 666 ne
919 611 983 684 quid

185 688 291 742 absente
300 695 441 760 sugestum
451 687 595 757 vrderetur,
617 687 719 752 accidit,
731 705 817 759 quum
826 685 860 740 ad
869 685 983 745 insulam

185 761 438 848 adpropinquarent,
455 769 485 816 ut
498 779 595 836 magna
608 762 883 834 tempestasoriretur:
904 778 983 832 quam

184 838 282 892 evitare
300 836 354 891 duo
373 843 470 890 veteres
491 837 658 908 imperatores
675 835 740 892 utile
758 836 889 901 arbitrati,
911 854 983 890 suam

163 910 295 964 'classem
305 917 515 982 suppresserunt
555 915 581 966 4
601 911 635 966 At
645 911 702 977 ille
719 911 854 966 temeraria
868 927 937 964 usus
947 926 984 964 ra-
1013 951 1014 962 .

185 985 269 1048 41444,
286 985 641 1040 noncessitmaiorumnatu
656 985 814 1051 auctoritati,
830 992 869 1051 44,
885 985 982 1040 444114
1013 1001 1014 1020 ¹

164 1068 235 1114 'sua
245 1075 306 1114 navt
317 1057 384 1114 esset
397 1058 513 1126 fortuna,
530 1077 584 1132 quo
596 1061 775 1126 contenderat
790 1061 925 1132 pervenit:
945 1077 983 1114 44

136 1155 139 1160 ·
187 1133 300 1220 demque
314 1141 344 1190 44
357 1141 541 1221 sequerentur,
564 1135 598 1190 ad
612 1135 780 1192 Timotheum
793 1143 818 1190 et
831 1135 1014 1214 Iphicratem

186 1209 312 1266 nuntium
332 1211 414 1264 misit
453 1211 533 1276 Hinc,
559 1210 628 1265 male
646 1229 675 1265 re
693 1218 778 1285 gesta,
804 1209 1014 1294 complurihos

187 1301 292 1338 amissis
302 1285 430 1350 navibus
442 1284 540 1350 eodan
552 1285 624 1340 unde
632 1293 686 1340 erat
694 1284 832 1357 proiectus
845 1302 874 1339 44
883 1285 983 1356 recepit

187 1359 337 1431 litterasque
351 1359 466 1415 Athenas
480 1359 586 1446 publice
598 1361 684 1426 misit,
700 1361 752 1416 sihi
765 1359 882 1431 proclino
896 1359 984 1423 fuisse

186 1434 297 1490 Samum
310 1451 414 1507 capere,
435 1435 488 1490 nisi
503 1453 518 1490 4
532 1435 668 1490 Timotheo
684 1442 710 1490 et
723 1435 852 1506 Iphicrate
871 1434 986 1488 desertus
1013 1469 1014 1472 =

186 1517 263 1564 esset.
301 1505 873 1586 5.[Obeamreminc(1menvocahantur.]
904 1510 988 1580 Popu-

186 1583 230 1639 lus
239 1602 310 1650 acer,
322 1585 460 1655 suspicax,
471 1583 591 1650 mobilis,
603 1585 778 1650 adversarius,
790 1584 903 1639 invidus
913 1585 988 1638 etiam
1013 1599 1014 1636 ι

186 1659 324 1730 potentiae,
336 1658 445 1714 domum
455 1657 737 1716 rev'ocat·aocusantur
745 1658 913 1730 proditionis
939 1660 990 1712 Hoc
1013 1665 1014 1728 j

187 1733 286 1791 iudicio
304 1733 445 1790 damnatur
463 1734 628 1799 Timotheus,
629 1733 781 1806 lisque'
759 1751 817 1788 eiua
836 1734 988 1788 aestimatur
1013 1735 1014 1782 3

188 1816 293 1862 centum
307 1807 419 1862 talentis.
459 1791 986 1903 1114,44114143444444141444144444444,

188 1872 345 1938 Chalcidem
349 1900 377 1938 44
388 1882 506 1938 44444114.

242 1958 287 2015 IV.
307 1958 393 2014 Huius
402 1965 580 2030 postmortem
594 1975 680 2031 quum
694 1958 823 2030 populum
838 1957 935 2014 iudicii
949 1958 990 2014 441

186 2033 341 2106 poeniteret,
354 2033 452 2090 multae
462 2051 556 2091 novem
566 2040 652 2106 partes
666 2033 789 2098 detraxit,
806 2040 831 2087 et
844 2033 940 2088 deoem
955 2041 992 2088 ta-

187 2109 256 2164 lenta
267 2109 413 2175 Cononem,
430 2109 516 2164 lilium
525 2109 597 2174 eius,
613 2108 647 2164 ad
657 2109 727 2164 muri
742 2108 877 2180 quandam
888 2117 991 2180 partem

187 2183 354 2238 reficiendam
369 2185 447 2239 iussit
460 2185 531 2240 dare.
570 2186 601 2238 In
619 2201 673 2256 quo
687 2183 806 2238 fortunae
819 2183 935 2240 varietas
955 2191 992 2237 est

188 2257 380 2314 animadversa.
400 2260 468 2330 Nam
478 2277 545 2332 quos
555 2259 715 2315 avusCooon
727 2275 818 2312 muros
827 2275 861 2312 ex
870 2258 992 2314 hostium
1013 2265 1014 2272 ’

138 2334 141 2340 ’
187 2332 282 2404 praeda
296 2333 393 2404 patriae
408 2335 565 2400 restituerat,
582 2333 687 2389 eosdem
700 2350 793 2405 nepos,
810 2349 872 2388 cum
884 2351 992 2388 summa

150 2457 154 2477 ,
188 2407 334 2481 ignomima
344 2407 471 2476 familiae,
487 2427 520 2464 ex
534 2427 583 2464 sua
597 2427 625 2464 ra
638 2407 759 2464 familiari
770 2408 876 2462 relicere
886 2416 992 2464 coactus

188 2490 236 2538 est.
275 2487 302 2540 2.
323 2485 452 2540 Timothei
467 2491 554 2538 autem
569 2483 714 2538 moderatae
727 2483 911 2555 sapientisque
924 2484 994 2538 vitae

188 2577 273 2630 quum
287 2557 362 2630 plura
377 2559 510 2630 possimus
526 2557 638 2629 prolerre
649 2558 806 2623 testimonia,
824 2575 878 2613 uno
889 2558 993 2613 erimus
1013 2575 1014 2586 ¹

188 2635 315 2698 contenti,
332 2633 404 2704 quod
414 2651 447 2687 ex
457 2650 487 2687 eo
500 2631 574 2686 facile
588 2633 682 2688 coniici
692 2633 797 2705 poterit,
814 2651 900 2705 quam
915 2649 994 2689 carus

189 2709 246 2764 suis
260 2707 348 2763 luerit.
387 2706 477 2773 Quum
487 2705 596 2762 Athenis
610 2707 817 2764 adolescentulus
830 2713 943 2765 causam
953 2707 995 2762 di·
