2058 3234
182 197 235 253 lll.
256 194 471 252 AlllSTlDES.
491 193 575 253 CAP.
595 198 633 254 11.
653 199 707 258 Ill.
815 200 847 256 tt

38 303 174 377 aequitate
187 303 285 360 lactum
298 312 349 370 est,
371 323 456 378 quum
477 305 503 360 in
524 307 660 362 communi
679 307 762 364 classe
779 318 847 366 esset

41 379 169 435 Graeciae
177 379 258 435 simul
268 397 330 436 cum
341 381 479 446 Pausania,
490 397 544 453 quo
554 380 621 437 duce
630 381 783 440 Mardonius
792 393 847 440 erat

39 453 165 528 fugatus,
183 462 212 510 ut
223 473 329 510 summa
339 454 442 526 imperii
456 455 581 512 maritimi
591 455 625 512 ab
634 457 846 516 Lacedaemoniis

41 528 227 585 transferretur
237 529 271 586 ad
280 529 462 586 Athenienses.
496 534 523 586 3.
542 532 733 604 Namqueante
743 533 771 588 id
781 541 847 590 tem-

39 622 94 676 pus
107 612 134 660 et
147 604 216 660 mari
229 612 254 660 et
269 612 336 660 terra
349 603 429 660 duoes
442 612 517 660 erant
529 606 740 662 laoedaemonii,
776 609 848 666 Tum

40 687 132 734 autem
146 687 172 734 et
185 679 384 752 intemperantia
394 681 538 737 Pausaniae
550 689 575 736 et
588 681 687 736 iustitia
700 681 798 739 iactum
806 692 846 740 est

40 753 183 820 Aristidis,
198 763 228 810 ut
236 771 328 810 omnes
338 753 391 810 iera
400 755 517 810 civitates
527 755 650 812 Graeciae
659 756 692 812 ad
701 757 845 814 Athenien-

39 831 115 885 sium
132 829 280 886 sooiotatem
293 848 323 886 se
334 829 508 902 applicarent,
530 839 556 886 et
573 831 701 889 adversus
719 833 845 890 barbaros

39 904 90 960 hos
101 903 185 960 duces
194 903 338 979 deligerent
346 905 409 962 sibi.

95 980 143 1034 111.
164 978 237 1046 Quos
249 997 304 1052 quo
318 979 421 1036 facilius
435 979 600 1052 repellerent,
621 981 645 1036 si
660 981 725 1038 lorte
743 983 845 1040 bellum

38 1071 171 1110 renovare
180 1062 349 1121 conarantirr,
366 1054 400 1110 ad
409 1055 505 1112 classes
514 1056 688 1112 aedificandas
702 1060 845 1116 exereitus-

38 1147 95 1202 que
113 1129 304 1201 comparandos
323 1137 454 1202 quantum
474 1131 600 1203 pecuniae
619 1134 844 1205 quaequeoivitas

38 1205 129 1270 daret,
144 1202 273 1260 Aristides
285 1203 401 1260 delectus
410 1213 461 1272 est,
477 1206 525 1278 qui
539 1207 718 1273 constitueret,
733 1209 849 1282 situsque

38 1279 152 1335 arbitrio
165 1278 347 1354 quadringena
362 1287 388 1334 et
396 1297 526 1354 sexagena
535 1280 630 1336 talenta
643 1283 786 1353 quotannis
795 1285 845 1338 De-

38 1355 99 1410 lum
113 1361 179 1410 sunt
196 1353 298 1410 collata.
336 1353 366 1410 ld
386 1354 458 1410 enim
480 1372 620 1412 commune
639 1357 769 1414 aerarium
787 1376 845 1414 esse

37 1429 194 1486 voluerunt.
232 1427 305 1496 Quae
313 1429 402 1485 omnis
410 1429 521 1501 pecunia
530 1439 631 1501 postero
640 1437 755 1502 tempore
764 1432 846 1488 Athe-

37 1523 88 1561 nas
103 1502 229 1560 translata
242 1511 291 1562 est.
330 1507 357 1562 2.
377 1505 426 1558 llic
443 1521 496 1576 qua
511 1503 589 1559 luerit
598 1503 768 1572 abstinentia,
783 1506 845 1562 nul-

37 1579 99 1636 lum
108 1585 149 1635 est
158 1579 254 1634 certius
264 1577 407 1646 indicium,
424 1596 506 1651 quam
516 1579 601 1652 quod,
621 1595 704 1650 quum
714 1581 793 1636 tantis
803 1599 845 1638 re-

36 1655 91 1711 bus
105 1653 275 1728 praefuisset,
296 1653 325 1710 in
338 1660 409 1710 tanta
421 1661 573 1726 paupertate
586 1654 709 1722 decessit,
729 1663 774 1724 ut,
795 1657 845 1730 qui

36 1729 189 1795 offerretur,
206 1727 254 1785 vix
263 1727 409 1802 reliquerit.
448 1733 474 1784 3.
495 1728 553 1796 Quo
562 1728 722 1796 factumest,
735 1739 765 1788 ut
775 1731 845 1788 tiliae

37 1807 98 1862 eius
112 1803 219 1877 publice
233 1802 377 1870 alerentur,
395 1810 420 1858 at
434 1803 467 1859 de
480 1805 615 1862 communi
629 1805 728 1862 aerario
737 1806 844 1866 dotibus

37 1880 108 1936 datis
123 1879 320 1940 collocarentur.
359 1878 473 1934 Decessit
490 1887 577 1936 autem
595 1879 649 1936 iere
666 1888 725 1954 post
742 1900 844 1940 annum

37 1962 178 2028 quartum,
190 1971 272 2027 qnam
283 1952 469 2010 Themistocles
479 1953 589 2012 Athenis
599 1962 653 2012 erat
662 1956 801 2029 expulsus.

37 2065 844 2124 a·eeeecseeeeeeeeeeeeatsseeceeeceeceseeeeeeeeceeeeee

407 2197 475 2250 lv.

247 2271 639 2360 niustriae.

388 2435 457 2494 Cer.
477 2438 500 2494 l.

92 2543 279 2622 Pausanias,
308 2555 582 2624 Licanasuomus,
613 2541 727 2634 magnus
752 2561 840 2626 homo,

37 2629 87 2688 sed
101 2629 193 2686 varius
207 2630 319 2687 inomni
327 2647 423 2706 genere
436 2631 573 2688 uitaefrait.
613 2635 681 2689 Nam
695 2642 724 2690 ut
738 2634 843 2689 virtutis
925 2698 926 2702 Ἰ

37 2703 337 2844 ὴιιὶἓὲιζιὶὲεενίονίῐίἰε
345 2706 514 2812 astohrutus.
553 2711 578 2765 2.
600 2708 843 2850 Huigsilluetrissis
