2054 3232
175 205 255 264 xvi.
277 204 505 262 reboamus
526 203 610 261 CAP.
630 205 680 264 IV.
700 206 734 265 V.
822 207 855 264 is

45 319 120 374 siout
128 323 186 372 erat
193 316 310 390 signata,
326 315 378 370 sub
387 315 531 388 puluinum
543 314 700 381 subiiciens,
717 321 746 372 ta
759 327 856 374 ornatr-

45 411 121 457 num,
133 391 231 464 iuquit,
242 396 336 462 differo
345 408 388 446 rea
395 408 507 446 saumas.
527 394 553 444 3.
564 389 598 445 lt
608 389 648 444 illi
657 407 758 457 omnes,
769 409 856 464 quum

46 469 106 524 iam
119 484 175 522 nox
188 466 369 538 processisset,
385 465 512 522 vinolenti
521 465 717 532 abexsulibus,
731 466 798 522 duee
808 469 857 522 Pe-

47 541 155 614 lepida,
171 549 234 597 sunt
244 540 379 596 interlecti.
419 540 523 607 Quibus
532 540 612 596 rebus
621 539 758 607 eonieotis,
775 541 856 616 vulgo

47 619 84 674 ad
94 634 170 672 arma
182 616 381 690 libertatemque
394 623 498 680 rosato,
514 631 568 670 non
582 615 670 672 solum
683 617 732 689 qui
746 617 775 672 in
789 617 856 674 urbs

47 699 140 758 erant,
152 691 286 748 sedetiam
295 691 416 764 undique
424 707 459 746 ex
468 691 539 764 agris
548 699 745 758 ooaourrerunt,
756 693 856 765 praesi-

46 769 129 824 dium
142 767 407 822 Laosdaemoniorum
424 783 458 822 ex
476 782 535 820 area
551 766 722 838 pepulerunt,
743 767 855 839 patriam

47 843 190 900 obsidione
203 841 393 908 liberaverim,
413 848 532 896 austures
544 841 673 897 Cadmeae
689 842 856 914 ooaupmdae

47 919 150 991 partim
158 916 317 983 oeciderunt,
328 918 424 989 partim
434 917 462 972 in
471 914 597 972 exsilium
606 919 748 974 eieoerunt.

106 994 154 1049 1v.
174 993 228 1048 Hoo
240 999 294 1046 tam
308 991 413 1047 turbido
426 999 555 1064 tempore,
576 993 644 1048 siout
664 1011 745 1066 supra
764 992 856 1048 dooui-

48 1085 124 1133 mus,
135 1065 345 1138 Epaminondas,
357 1065 445 1140 quoad
454 1085 516 1122 eum
526 1067 630 1123 civibus
639 1067 794 1125 dimicatum
805 1077 852 1134 est,

48 1141 126 1198 domi
140 1142 247 1214 quietus
261 1141 321 1198 luit.
359 1143 452 1215 ltaque
463 1143 528 1198 baso
541 1141 738 1200 liberandarum
752 1145 855 1200 Theba-

48 1235 114 1273 rum
124 1216 229 1290 propria
239 1215 297 1272 laus
307 1216 500 1290 estPelopidae:
512 1225 611 1274 oetsrae
619 1217 672 1274 lere
681 1235 773 1274 omnes
783 1235 855 1275 eom-

48 1309 149 1348 munes
163 1292 431 1364 oum'Epaminonda.
469 1297 497 1350 2.
516 1294 638 1366 Namque
652 1293 787 1350 Leuctrica
804 1313 856 1368 pu·

48 1387 115 1445 gna,
127 1367 282 1439 imperatore
288 1367 485 1440 Epamiuonda,
496 1368 542 1424 hio
551 1367 601 1424 fuit
610 1369 667 1424 dux
676 1368 789 1424 delectae
797 1387 856 1425 ma-

50 1461 120 1510 nus,
135 1460 205 1515 quae
217 1443 304 1515 prima
317 1441 477 1519 phalangem
488 1445 629 1516 prostravit
641 1445 787 1499 Laeonum.
826 1449 853 1500 3.

50 1519 188 1575 Omnibus
209 1525 340 1590 praeterea
358 1518 483 1590 perieulis
505 1518 599 1574 adluit.
638 1518 712 1576 Siout
734 1519 855 1591 Spartam

50 1594 326 1668 quumoppugnavit,
338 1593 451 1650 alterum
460 1594 648 1651 tenuitoornu:
669 1595 857 1668 quoquehles-

49 1688 116 1726 sena
130 1669 241 1725 eelerius
254 1669 445 1736 restitueretur,
461 1668 562 1743 lmatus
577 1671 605 1726 in
613 1672 705 1726 Persas
719 1677 758 1725 est
769 1668 856 1742 profe-

50 1753 122 1800 ctus.
160 1743 497 1818 Deniquehaeeiuitaltera
507 1763 618 1818 persona
628 1746 740 1812 Thebis,
756 1745 804 1802 sed
816 1753 856 1802 ta-

50 1839 115 1876 men
125 1819 251 1886 secunda,
262 1820 298 1874 lta
307 1827 339 1876 ut
346 1819 467 1893 proxima
476 1821 759 1894 essetEpaminondae.

106 1896 141 1953 V.
162 1893 330 1952 malimus
353 1903 441 1951 numm
460 1904 503 1951 est
525 1913 585 1952 mim
606 1897 717 1954 adversa
739 1896 854 1954 fortuna.

50 1973 121 2026 Nam
131 1977 157 2025 st
167 1970 255 2036 initio,
266 1971 335 2026 sieut
343 1969 520 2037 ostendimus,
531 1971 607 2028 exsul
618 1973 701 2044 patria
710 1973 807 2038 caruit,
818 1980 854 2038 et,

51 2063 140 2119 quum
155 2043 317 2101 Thessaliam
331 2046 360 2102 in
378 2053 531 2118 potestatem
545 2047 730 2102 Thebanorum
750 2055 856 2118 ouperet
935 2051 942 2076 ⁸

50 2121 180 2195 redigere,
187 2119 377 2194 legationisque
386 2121 445 2182 inre
457 2121 520 2176 eatis
530 2127 626 2176 tecam
636 2136 665 2176 se
674 2121 853 2187 arbitraretur,

51 2197 126 2270 quod
134 2195 206 2268 apud
215 2213 307 2252 omnes
315 2205 407 2270 gentes
417 2203 539 2252 mustum
547 2213 605 2251 esse
614 2204 773 2262 oonsueeset,
787 2215 803 2251 a
813 2205 855 2270 ty·

50 2289 137 2328 ranno
148 2269 301 2327 Alexandro
311 2272 426 2327 Pheraeo
438 2270 520 2326 simul
534 2287 596 2326 eum
609 2272 723 2327 Ismenia
737 2287 856 2344 eompre-

49 2348 154 2404 hensus
168 2347 197 2402 in
211 2346 318 2404 vineola
330 2348 462 2404 eonieotus
474 2355 523 2403 est.
562 2351 589 2406 2.
608 2348 856 2420 HunoEpaminon-

50 2423 100 2479 das
113 2422 291 2494 recuperavit,
306 2422 377 2479 bello
389 2439 551 2496 persequens
564 2421 757 2480 Alexandrum:
795 2425 856 2480 Post

49 2499 79 2554 id
92 2497 193 2554 iachim
207 2515 356 2572 numquam
370 2499 394 2553 is
408 2497 497 2554 animo
510 2497 608 2570 placari
622 2499 706 2570 potuit
716 2499 744 2555 in
753 2516 855 2564 eum‚a

50 2593 106 2649 quo
115 2582 172 2630 erat
181 2573 303 2630 violatus.
342 2576 434 2646 ltaque
445 2574 577 2646 persuasit
586 2573 731 2638 Thebanis,
747 2581 777 2628 ut
790 2573 856 2627 suh-

50 2650 120 2706 sidio
134 2649 285 2705 Thessaliae
298 2649 537 2720 prosmisoerentur,
553 2657 732 2722 tyrannosque
741 2647 799 2702 eius
808 2665 856 2702 er-

50 2725 187 2800 pellerent.
227 2729 254 2780 3.
274 2725 358 2784 Cuius
371 2723 435 2780 belli
448 2741 533 2797 quum
548 2724 691 2780 eisumma
704 2731 772 2778 esset
784 2721 854 2788 data,
