2058 3234
184 217 267 277 lilll.
287 213 578 274 THRASYBULUS.
599 215 683 274 cnr.
702 215 725 272 Ι.
820 217 854 273 aa

50 331 144 391 natus,
161 333 187 380 et
196 327 332 384 Timaeus:
353 327 520 400 quiquidem
534 327 587 381 duo
601 321 851 388 maledicentissimi,

51 401 205 473 nescioquo
215 402 301 467 modo,
314 403 342 457 in
354 403 398 458 illo
407 421 462 458 uno
473 399 786 456 laudandoeonsoierunt.
824 401 852 454 t.

50 475 176 547 Namque
188 493 232 543 ea,
251 495 320 550 quae
333 495 413 548 supra
429 477 562 542 diximus,
578 476 651 530 deeo
661 473 852 546 praedicarunt,
963 485 969 492 '

49 557 130 621 atque
140 551 190 604 hoo
204 551 333 624 amplius:
353 569 440 624 quum
450 551 574 615 Athenis,
590 548 803 622 splendidissima
817 548 855 601 ci·

48 626 244 690 vitate‚'natus
263 632 343 692 esset,
364 643 456 682 omnes
474 625 656 696 splendorem
670 623 796 696 dignitate
808 640 855 677 su·

48 715 158 771 perasse
168 701 250 768 vitae;
281 703 307 754 3.
328 709 468 772 postquam
483 700 545 754 inde
557 698 686 770 expulsus
696 698 800 751 Thebas
811 714 855 751 ve-

47 775 127 838 nerit,
136 773 201 829 adeo
210 773 305 829 studiis
315 791 405 830 eorum
417 776 565 839 inservisse,
572 783 602 828 ut
611 791 688 828 nemo
696 789 757 826 eum
769 771 855 828 labore

47 849 223 920 eorporisque
240 849 344 903 viribus
364 858 451 920 posset
469 851 638 921 aequiparare
655 849 759 920 (omnes
782 848 855 901 enim

46 923 148 977 Boeotii
159 923 245 996 magis
256 923 371 977 firmitati
381 924 508 996 ooanis,
525 939 606 995 quam
622 923 722 996 ingenii
737 920 854 976 acumini

46 997 223 1069 inserviunt);
245 1000 271 1052 l.
286 998 409 1053 eumdem
420 997 491 1070 apud
501 998 726 1060 Laoedaemonios,
738 1012 855 1068 quorum

45 1072 173 1126 moribus
183 1089 288 1126 summa
298 1072 383 1127 virtus
395 1072 423 1127 in
433 1073 555 1144 patientia
564 1073 718 1144 ponebatur,
730 1071 770 1125 sio
779 1069 855 1126 duri·

45 1147 102 1200 tiae
112 1163 142 1200 se
152 1145 263 1211 dedisse,
275 1153 306 1201 ut
315 1147 475 1219 parsimonia
484 1147 570 1201 vietus
579 1155 658 1216 atque
666 1146 754 1200 oultrrs
762 1161 854 1200 omnes

46 1220 271 1276 Lacedaemonios
279 1222 407 1290 vinceret3
429 1220 511 1276 luisse
519 1220 591 1292 apud
600 1221 722 1285 Thracas,
734 1218 855 1274 homines

46 1295 200 1351 vinolentos
218 1296 351 1368 rebusque
370 1296 488 1352 venereis
505 1295 619 1350 derlitos:
640 1295 689 1348 hos
703 1311 810 1366 quoque
826 1293 854 1349 in

46 1369 94 1424 his
103 1367 185 1424 rebus
195 1373 375 1439 rnuoersissm
397 1374 423 1426 5.
438 1370 543 1425 venisse
551 1369 585 1424 ad
595 1371 694 1433 Persas,
706 1368 854 1439 apudquos

47 1461 158 1498 summa
170 1444 227 1498 laus
237 1445 523 1510 essetlortiterrenari,
540 1443 676 1498 luxuriose
686 1443 785 1496 rivere:
806 1442 855 1497 ho-

48 1535 111 1573 rum
122 1519 162 1572 sio
171 1519 301 1573 imitatum
312 1519 542 1584 eonsuetudinam,
554 1527 583 1572 ut
592 1517 630 1570 illi
642 1516 692 1587 ipsi
702 1533 763 1571 eum
774 1516 854 1571 inhia

48 1595 170 1648 maxime
180 1593 381 1650 admirarentur.
420 1598 446 1648 6.
461 1594 571 1660 Ουίὴυε
581 1592 660 1646 rebus
669 1590 797 1654 elisaeae,
813 1597 851 1657 ut,

47 1668 123 1740 apud
134 1683 317 1741 quoscumque
327 1677 402 1734 esset,
414 1669 536 1740 princeps
546 1675 692 1740 poneretur,
703 1665 854 1721 haberetur·

48 1743 279 1816 querarissimus.
318 1743 442 1798 Sedaatis
451 1742 484 1798 de
494 1741 685 1814 hoo;reliqnos
693 1740 839 1796 ordiamur.

47 1871 855 1912 §mmmmm

396 1983 511 2038 vm.

200 2083 704 2148 THRmsYBULUS.

372 2223 375 2226 ’
399 2225 468 2282 Car.
488 2225 510 2280 l.

108 2327 347 2406 Taurumue,
378 2341 454 2396 chr
486 2357 602 2406 rrnrus,
638 2339 853 2395 drsnrrsnsrs.

49 2413 79 2470 Si
89 2431 177 2486 perse
186 2415 270 2468 virtus
281 2415 338 2469 sine
347 2413 449 2470 fortuna
460 2415 628 2486 ponderanda
638 2416 686 2479 sit,
703 2414 808 2480 dubito,
820 2431 855 2468 an

50 2489 127 2544 hune
139 2489 257 2560 primum
269 2490 389 2543 omnium
401 2507 507 2562 ponam.
546 2489 616 2544 Illud
625 2490 683 2544 sine
692 2489 788 2544 dubio:
809 2504 856 2542 ne-

50 2563 153 2619 minem
164 2563 227 2618 huin
236 2563 352 2634 praeiere
362 2564 426 2629 fide,
438 2565 593 2629 oonstantia,
605 2564 790 2638 magnitudine
798 2561 856 2615 ani·

51 2637 100 2703 mi,
114 2638 140 2692 in
152 2639 263 2710 patriam
274 2655 371 2694 amore.
409 2641 436 2694 Ξ.
457 2641 525 2692 Nam
534 2638 606 2710 quod
616 2638 693 2693 multi
704 2637 852 2700 voluerunt,

52 2713 130 2786 pauci
139 2719 290 2785 potuerunt,
302 2711 336 2768 ab
345 2729 400 2768 una
409 2720 522 2797 tyranno
530 2712 776 2843 patriamcligerarm
792 2709 856 2766 huia
