2058 3234
155 216 241 274 Xlll.
262 215 500 275 TIMOTHEUS.
520 217 603 275 CAP.
623 220 662 276 ll.
681 221 736 278 lll.
813 225 845 278 ta

37 325 154 382 ducenta
165 327 259 384 talenta
269 335 477 384 consumserant.
510 327 540 382 ld
554 327 598 382 illc
607 328 845 402 sineullapublica

38 403 162 474 impensa
171 403 270 475 populo
279 404 400 458 restituit.
425 403 560 459 Adversus
571 403 665 460 Cotum
675 403 743 459 bella
752 407 843 478 gessit,

38 477 73 532 ab
83 495 170 550 eoque
184 478 258 534 mille
267 485 292 534 et
305 477 416 534 ducenta
428 477 525 533 talenta
538 477 650 550 praedae
664 479 692 534 in
706 479 843 550 publicum

36 551 139 606 retulit.
179 557 205 608 3.
227 553 355 628 Cynicum
365 553 502 608 obsidione
511 551 641 610 liberavit.
673 552 845 611 Ariobarzani

36 626 122 682 simul
133 643 196 682 cum
204 627 326 702 Agesilao
336 628 436 685 auxilio
450 627 580 702 proiectus
593 635 645 684 est:
667 647 746 702 aquo
758 647 844 703 quum

36 702 108 756 laco
121 701 263 774 pecuniam
277 713 440 760 numeratam
455 705 607 776 accepisset,
629 703 675 760 ille
693 721 764 760 cives
781 723 844 761 suos

36 795 103 850 agro
113 785 193 850 atque
202 778 316 834 urbibus
326 780 417 854 augeri
427 779 530 846 maluit,
542 797 624 853 quam
634 779 662 834 id
671 797 785 846 sumere,
797 797 845 836 cu·
901 834 904 838 .

35 871 80 907 rus
95 861 198 924 partem
211 851 321 910 domum
335 872 412 910 suam
426 853 493 911 ferre
505 862 602 928 posset.
642 856 733 930 ltaque
747 856 845 929 accepit

35 927 175 983 Crithoten
185 935 210 983 et
219 928 333 991 Sestum.
411 967 417 973 -

94 1004 129 1058 ll.
150 1003 223 1058 Idem
243 1004 320 1060 classi
340 1003 483 1077 praefectus
502 1005 702 1062 circumvehens
716 1005 843 1079 Pelopon-

35 1095 150 1144 nesum,
170 1079 314 1135 Laconicen
329 1079 484 1152 populatus,
499 1080 609 1136 classem
623 1099 715 1136 eorum
729 1080 841 1156 fugavit.

35 1155 182 1228 Corcyram
192 1155 244 1209 sub
254 1155 396 1227 imperium
407 1155 609 1215 Atheniensium
618 1156 730 1230 redegit3
746 1158 844 1213 socios-

35 1245 92 1303 que
112 1228 183 1282 idem
203 1229 325 1285 adiunxit
344 1231 477 1303 Epirotas,
506 1228 682 1297 Athamanas,
711 1230 840 1298 Chaonas,
933 1241 938 1246 '

35 1321 185 1375 omnesque
194 1321 237 1359 eas
247 1312 347 1379 gentes,
359 1323 428 1378 quae
437 1321 509 1360 mare
518 1304 586 1360 illud
595 1305 722 1360 adiacent.
742 1307 770 1362 a.
783 1306 843 1373 Quo

35 1377 105 1434 lactc
118 1379 316 1435 Lacedaemonii
330 1379 363 1435 de
375 1380 478 1436 diutina
496 1381 659 1436 contentione
677 1379 840 1448 destiterunt,

36 1462 62 1508 et
71 1471 121 1508 sua
132 1461 224 1526 sponte
233 1454 437 1511 Atheniensibus
451 1455 555 1528 imperii
569 1455 695 1510 maritimi
710 1455 842 1527 principa-

37 1537 96 1584 tum
106 1537 303 1600 concessarum
318 1531 516 1604 pacemquehis
526 1529 630 1604 legibus
640 1529 839 1597 constituerunt,

37 1611 68 1658 ut
77 1603 250 1660 Athenienses
260 1606 327 1660 mari
337 1606 418 1661 duces
427 1613 522 1662 essent.
556 1605 629 1673 Quae
638 1605 745 1662 victoria
757 1612 842 1660 tantae

37 1677 89 1733 luit
103 1678 196 1734 Atticis
206 1679 328 1746 laetitiae,
344 1688 375 1736 ut
388 1689 446 1736 tum
459 1681 578 1754 primum
592 1699 651 1736 arae
661 1681 721 1736 Paci
735 1681 842 1752 publice

38 1755 93 1810 sint
103 1753 191 1821 laetae,
203 1755 281 1828 eique
289 1755 352 1814 deae
361 1755 486 1829 pulvinar
495 1756 529 1812 sit
539 1756 700 1812 institutum.
740 1759 765 1810 3.
787 1755 842 1812 Cu-

37 1829 81 1884 ius
96 1829 184 1884 laudis
198 1837 229 1884 ut
241 1831 368 1886 memoria
382 1839 510 1897 maneret,
528 1831 663 1888 Timotheo
672 1830 841 1904 publicesta⁴

37 1912 112 1960 trram
127 1904 155 1960 in
171 1903 225 1960 loro
238 1913 393 1977 posuerunt.
431 1906 484 1974 Qui
498 1906 581 1962 honos
594 1907 659 1962 huic
672 1907 720 1961 uni
740 1913 799 1961 ante
813 1905 841 1962 id

37 1987 143 2052 tempus
157 1980 278 2054 contigit:
300 1988 342 2048 ut,
359 1999 444 2054 qunm
458 1981 525 2052 patri
539 1981 654 2053 populus
668 1989 781 2036 statuam
793 1998 840 2051 po-

38 2054 423 2128 suisset‚lilioquoquedaret.
462 2056 506 2110 Sic
516 2055 588 2111 iuxta
598 2056 682 2127 posita
691 2071 781 2109 recens
791 2053 839 2108 filii

38 2137 153 2186 veterem
162 2131 244 2201 patris
254 2131 390 2187 renovavit
399 2130 563 2186 memoriam.

92 2206 139 2260 ΙΙΙ.
161 2205 303 2278 Hicquum
313 2214 380 2262 esset
390 2223 487 2280 magno
497 2213 569 2271 natu,
582 2211 606 2259 et
615 2204 785 2278 magistratus
794 2221 841 2278 ge·

37 2297 93 2334 rere
113 2279 236 2347 desisset,
257 2280 326 2336 hello
344 2281 517 2336 Athenienses
535 2278 601 2335 undi
622 2299 655 2335 ue
673 2280 759 2352 premi
778 2287 841 2335 sunt

37 2355 132 2428 coepti.
171 2352 418 2425 DeieceratSamus3
434 2355 559 2410 descierat
570 2298 764 2427 Heilespontus3
777 2355 841 2410 Phi·
891 2348 895 2356 ’

37 2429 128 2502 lippus
139 2429 193 2484 iam
204 2437 260 2485 turn
270 2430 361 2487 valens
372 2428 496 2507 [Macedo]
508 2430 591 2486 multa
605 2431 775 2486 moliebatur:
796 2430 840 2486 oui

37 2505 174 2577 oppositus
185 2504 281 2561 Chares
292 2523 377 2578 quum
387 2513 467 2574 esset,
484 2523 536 2562 non
551 2507 614 2562 satis
629 2507 657 2562 in
672 2523 702 2562 eo
715 2506 840 2578 praesidii
947 2499 957 2512 ‘

36 2581 190 2652 putabatur.
229 2583 255 2638 2.
275 2581 318 2636 Fit
327 2582 492 2637 Menestheus
506 2589 621 2653 praetor,
639 2581 709 2636 lilius
724 2581 841 2652 Iphicra-

37 2657 84 2722 tis,
97 2673 179 2730 gener
189 2655 333 2722 Timothei,
344 2661 382 2722 ct,
394 2663 424 2712 ut
433 2655 467 2712 ad
475 2655 576 2712 bellum
585 2656 778 2728 proficiscatur,
795 2653 841 2710 de-

36 2731 163 2788 cernitur.
202 2731 271 2787 Huic
280 2731 308 2788 in
317 2729 458 2788 consilium
468 2730 564 2786 dantur
574 2731 627 2788 duo
639 2749 692 2787 usu
701 2729 841 2802 sapientia-
