2058 3234
203 193 284 252 XIV.
303 191 497 250 DATAMES.
517 192 601 252 CAP.
620 194 673 250 IX.
804 198 833 252 tl

27 321 134 362 norum
151 301 272 368 totidem,
293 320 327 360 ex
341 302 449 358 Graecia
469 302 658 358 conductorum
675 303 725 358 tria
738 302 835 362 millia:

27 379 102 436 levis
116 385 264 434 armaturae
278 378 426 434 maximum
441 395 593 432 numerum.
633 382 658 432 3.
680 379 732 432 llas
745 378 837 434 adver-

27 473 80 510 sus
95 453 186 526 copias
198 471 258 526 spes
273 453 361 508 omnis
374 452 530 508 consistebat
540 452 640 506 Datami
656 452 681 506 in
697 470 725 506 se
736 453 838 525 locique
906 457 913 466 '

29 537 143 585 natura.
166 545 281 600 namque
291 527 372 582 huius
381 535 481 599 partem
492 544 544 582 non
559 527 670 582 habebat
684 528 837 584 vicesimam

28 605 164 660 militum.
202 601 306 670 Quibus
324 601 406 657 fretus
424 601 554 667 conflixit,
575 601 838 675 adversariorumque

29 679 119 735 multa
129 676 214 732 millia
223 676 348 741 concidit,
360 695 445 750 quum
456 676 489 731 de
499 677 583 748 ipsius
592 677 707 732 exercitu
717 695 768 732 non
780 695 838 734 am·
880 705 881 708 ¹

28 755 107 828 plius
130 753 272 808 hominum
294 751 368 806 mille
386 751 529 806 cecidisset.
568 751 654 818 Quam
673 753 707 807 ob
730 770 837 808 causam

28 837 138 902 postero
148 827 191 882 die
201 836 335 899 tropaeum
345 827 446 898 posuit,
461 843 515 898 quo
527 826 581 881 loco
591 827 675 898 pridie
688 837 836 902 pugnatum

30 911 99 960 erat.
140 905 166 958 l.
186 903 253 958 Hinc
263 919 348 974 quum
357 910 440 956 castra
450 902 587 966 movisset,
603 920 759 976 semperque
772 902 838 958 inle-

30 979 88 1034 rior
102 977 199 1050 copim,
214 977 333 1049 superior
342 977 467 1031 omnibus
476 976 582 1048 proeliis
592 976 747 1043 discederet,
765 977 838 1050 quod

30 1069 186 1125 numquam
201 1069 312 1106 manum
325 1058 481 1116 consereret,
502 1052 554 1106 nisi
574 1070 660 1124 quum
675 1053 838 1108 adversarios

30 1129 154 1184 locorum
164 1127 294 1212 angustiis
303 1125 438 1182 clausisset
448 1126 529 1198 (quod
537 1127 619 1198 perito
634 1129 772 1200 regionum
784 1127 838 1184 cal-

31 1204 144 1275 lideque
156 1202 278 1274 cogitanti
293 1218 370 1272 saepe
383 1199 536 1273 accidebatl:
571 1203 598 1255 ὅ.
618 1201 834 1272 Auuphradates,

32 1294 123 1351 quum
137 1275 238 1331 bellum
252 1276 313 1332 duci
324 1276 422 1332 maiore
435 1276 505 1348 regis
519 1273 678 1340 calamitate,
694 1294 775 1348 quam
791 1277 838 1332 ad-

31 1351 228 1416 versariorum,
246 1351 355 1416 videret,
371 1350 405 1405 nd
415 1367 505 1421 pacem
516 1349 711 1421 amicitiamque
720 1351 837 1406 hortatus

31 1437 87 1493 est,
103 1434 206 1483 utcum
215 1443 275 1499 rege
286 1426 435 1498 ingratiam
445 1424 549 1479 rediret.
576 1427 614 1478 .6.
635 1423 720 1490 Quam
736 1425 779 1478 illc
788 1425 837 1480 etsi
893 1448 895 1455 ι

33 1502 118 1558 fidam
128 1519 181 1556 non
191 1499 245 1555 lore
254 1500 375 1572 putabat,
391 1507 477 1556 tamen
488 1497 663 1554 conditionem
673 1499 783 1570 accepit,
796 1517 837 1554 se-

33 1595 89 1651 que
102 1575 139 1632 ad
151 1576 322 1630 Artaxerxem
336 1573 433 1648 legatos
448 1575 594 1628 missurum
608 1573 685 1628 dixit.
725 1571 769 1628 Sic
782 1572 838 1628 bel·

33 1652 102 1716 lum,
115 1649 189 1724 quod
199 1667 245 1705 rex
254 1649 381 1705 adversus
390 1651 525 1704 Datamem
534 1655 695 1721 susceperat,
706 1647 836 1706 sedatum.

32 1724 245 1796 Autophradates
253 1725 282 1780 in
292 1724 437 1798 Phrygiam
445 1741 475 1779 se
484 1723 589 1795 recepit.

89 1800 141 1856 IX.
162 1798 197 1855 Ar
209 1817 269 1865 rex,
290 1798 363 1871 quod
377 1797 542 1870 implacabile
554 1797 647 1854 odium
661 1798 690 1854 in
703 1798 838 1854 Datamem
928 1831 929 1834 =

33 1881 199 1948 susceperat,
228 1881 368 1946 postquam
386 1871 456 1928 bello
475 1890 538 1928 eum
556 1873 670 1944 opprimi
689 1891 742 1929 non
762 1891 838 1945 posse

33 1948 230 2014 animadvertit,
243 1948 347 2003 insidiis
361 1948 504 2004 interficere
512 1947 626 2003 studuit:
648 1965 716 2020 quas
729 1947 774 2002 ille
782 1949 839 2020 plc-

33 2042 133 2098 raeque
141 2023 244 2079 vitavit.
274 2025 300 2080 2.
321 2022 402 2089 Sicut,
413 2040 499 2096 quum
509 2023 659 2096 nuntiatum
669 2029 744 2086 esset,
757 2039 839 2094 quos-

33 2101 97 2157 dam
108 2099 162 2154 sibi
172 2097 306 2163 insidiari,
322 2099 369 2171 qui
384 2098 412 2152 in
427 2099 572 2153 amicorum
585 2103 659 2150 erant
673 2113 783 2150 numero
796 2093 838 2169 (de

34 2176 147 2250 quibus,
159 2172 232 2246 quod
242 2171 344 2228 inimici
353 2172 511 2238 detulerant,
523 2187 610 2243 neque
622 2168 781 2226 credendum
792 2187 838 2226 ne-

33 2268 88 2325 que
102 2247 293 2322 negligendum
307 2247 430 2321 putavit),
451 2246 564 2319 experiri
574 2245 669 2311 voluit,
685 2262 779 2304 verum
788 2244 839 2302 lal-

34 2342 135 2383 sumne
148 2321 350 2378 esset‘relaturn.
389 2326 416 2378 3.
436 2323 527 2395 ltaque
540 2338 571 2376 eo
583 2319 713 2393 proiectus
731 2329 783 2388 est,
809 2321 839 2378 in

35 2418 90 2476 quo
106 2399 200 2454 itinere
212 2395 314 2454 futuras
332 2396 443 2452 insidias
457 2396 587 2452 dixerant.
625 2395 677 2451 Sed
690 2395 768 2471 elegit
781 2413 839 2453 cor-

34 2493 99 2550 pore
111 2482 138 2530 et
151 2480 250 2528 statura
262 2471 432 2528 simillimum
445 2471 502 2538 sui,
523 2472 601 2544 eique
614 2471 739 2528 vestitum
757 2489 838 2528 surim

35 2551 122 2616 dedit,
138 2556 218 2620 alque
231 2563 261 2602 eo
275 2546 331 2604 loco
344 2547 395 2613 ire,
411 2564 466 2620 quo
479 2547 487 2602 i
521 2565 535 2602 e
549 2555 730 2612 consueverat,
749 2546 836 2602 iussit.

36 2629 95 2700 lpse
114 2632 203 2680 autem
221 2629 315 2678 ornatu
329 2564 618 2698 [vestituquelsmilitari
638 2621 712 2696 interl
723 2619 838 2692 corporis

37 2699 158 2765 qrstcdes
172 2697 221 2756 iter
238 2695 321 2760 lacere
338 2697 431 2772 coepit.
471 2700 498 2754 l.
516 2695 551 2758 At
568 2697 746 2776 insidiatores,
767 2702 839 2777 post·
