2058 3234
154 185 179 241 1.
199 179 420 241 utnnrnnns.
440 178 523 238 cnr.
542 181 608 240 vu.
627 181 708 242 v1u.
817 181 836 240 r-
954 154 955 162 '

75 293 145 352 vn.
161 294 225 349 Post
233 293 284 348 lion
291 291 421 365 proelium
430 291 540 348 classem
549 293 714 366 septuaginta
723 292 835 348 navium

12 369 208 426 Athenienses
216 367 302 422 eidem
311 367 422 423 Miltiadi
435 367 576 432 dedemnt,
592 375 622 422 ut
635 367 750 432 insulas,
766 383 838 440 quae

12 445 159 499 barbaros
169 442 338 507 adiuvarent,
354 441 423 496 bello
432 450 640 513 persequeretur.
679 441 737 508 Qun
750 442 836 514 impe-

15 520 61 574 rio
70 517 223 590 plerasque
232 515 392 574 adoliinium
401 515 486 572 redire
495 516 587 590 enegit,
599 515 741 572 nonnullas
751 517 779 572 vi
788 535 837 572 ex-

17 592 175 666 pugnavit.
215 594 242 649 2.
261 591 303 646 Ex
316 591 360 646 bis
369 591 466 646 Parum
475 591 604 656 insulam,
619 591 715 662 opibus
727 590 836 658 elatam,

18 683 117 739 quum
126 665 246 722 oratione
254 665 420 721 renonniliare
429 683 482 721 nnn
492 672 587 738 posset,
598 665 710 737 eopiosa
720 665 835 722 navibus

21 741 138 806 eduxit,
160 741 255 796 urbem
274 741 398 812 operibus
415 739 522 805 nluusit,
543 739 670 812 omnique
687 749 835 796 nnmmeatu

22 815 163 888 privavit3
181 814 277 870 deinde
286 815 372 871 vineis
381 832 412 870 an
421 814 597 870 testudinibus
606 815 762 882 nnnstitutis,
774 832 837 888 prn-

24 890 325 962 piusmurnsannessit.
364 893 390 944 ³.
410 889 501 956 Quum
511 890 564 944 inm
574 890 732 957 inenesset,
747 898 778 946 ut
787 907 837 964 np-

24 965 94 1037 pidn
102 965 242 1037 potiretur,
253 963 344 1037 prnnul
354 964 383 1019 in
392 964 534 1040 eontinenti
544 963 634 1030 lnnrrs,
644 966 692 1038 qui
702 983 736 1020 ex
747 965 835 1022 insula

25 1039 257 1112 onnspiniebntur,
272 1039 423 1111 nescioquo
437 1055 513 1104 orsu,
530 1047 655 1095 nmturnn
668 1049 783 1112 tempore
792 1041 836 1096 in-

26 1131 130 1173 nensus
138 1121 189 1169 ost.
228 1113 312 1170 Cuius
321 1113 427 1169 flamma
436 1114 655 1186 utaboppidanis
663 1124 837 1190 etoppugna·

28 1189 137 1244 toribus
146 1187 266 1254 estvisa,
277 1189 399 1260 utrisque
406 1189 478 1244 venit
487 1187 514 1244 in
524 1189 687 1260 opinionem,
699 1190 808 1264 signum
819 1207 837 1282 q

29 1263 177 1319 classiariis
186 1263 267 1337 regiis
276 1263 378 1318 datum.
412 1265 438 1319 l.
457 1263 517 1330 Qun
526 1263 622 1320 lantum
632 1271 679 1330 est,
692 1271 755 1320 utet
765 1265 834 1320 Parit

31 1338 192 1394 ndeditinne
201 1337 403 1403 deterrerentur,
414 1347 439 1392 et
448 1337 591 1404 Miltiades,
602 1339 711 1405 timens,
726 1357 759 1394 ne
767 1338 836 1395 olas·

32 1413 71 1468 sis
80 1413 155 1487 regia
165 1411 327 1478 adventaret,
343 1411 457 1467 lunensis
466 1412 603 1484 operibus,
619 1430 688 1484 quae
700 1421 832 1478 statuerat,

33 1505 96 1543 num
111 1487 219 1543 totidem
239 1487 367 1552 navibus,
388 1494 467 1559 atque
485 1500 539 1541 erat
555 1484 697 1558 protentus,
717 1487 834 1543 Athenae

33 1580 132 1636 magna
140 1579 201 1618 num
211 1560 352 1618 offensione
361 1561 462 1619 nivium
471 1577 582 1622 suorum
594 1560 697 1618 rediret.
736 1565 763 1618 ὅ.
784 1563 835 1618 do-

34 1644 142 1694 nusatus
151 1643 190 1692 est
198 1652 260 1710 ergo
268 1635 436 1708 proditionis,
452 1635 537 1708 quod,
549 1653 635 1709 quum
645 1635 741 1692 Parum
750 1653 835 1708 expu-

35 1729 118 1787 gnare
130 1718 230 1783 posset,
246 1728 261 1766 a
275 1728 336 1785 rege
349 1717 488 1782 nnrruptus
497 1709 599 1766 inlentis
609 1711 688 1766 rebus
698 1710 835 1772 disoessis-

36 1795 83 1842 set.
121 1784 284 1856 Entempoio
293 1801 369 1859 aeger
378 1793 433 1840 erat
446 1783 616 1850 vulneribus,
632 1802 701 1857 quae
711 1786 739 1840 in
749 1803 834 1858 oppu-

73 1860 142 1916 ando
153 1860 251 1933 oppido
264 1867 404 1932 eonspernt.
442 1861 533 1932 ltaque
546 1860 673 1933 qnoniam
684 1860 740 1932 ipse
749 1877 796 1933 pm
806 1877 835 1916 se

57 1937 184 1992 'nomnen
193 1941 292 2006 posset,
308 1935 388 1990 verba
398 1933 457 1989 lenit
467 1933 611 1990 bateraius
619 1935 766 2008 TIsegoras.
806 1938 833 1990 6.

38 2012 122 2068 Causa
129 2009 245 2084 mgnita,
259 2009 351 2082 eapitis
359 2007 508 2075 absolutus,
523 2009 635 2081 penuma
648 2009 774 2064 multatus
783 2017 832 2075 est,

39 2083 835 2230 instrunmento?tietantia

41 2235 137 2292 solvere
154 2235 181 2290 in
199 2233 345 2308 praesentia
360 2249 413 2288 nnn
425 2240 536 2304 poterat,
558 2233 586 2289 in
602 2231 709 2290 vinnula
727 2232 834 2305 publiea

42 2312 167 2366 nonieotus
175 2316 222 2375 eet,
234 2307 327 2380 ibique
335 2307 406 2362 diem
415 2307 480 2364 obiit
489 2325 655 2380 supremum.

94 2385 159 2442 Vlll.
178 2384 227 2438 llio
239 2383 289 2438 etsi
303 2383 415 2438 erimine
428 2383 503 2439 Pario
516 2392 556 2438 est
574 2392 724 2448 aecusatus,
745 2391 834 2440 tamen

43 2459 90 2516 alia
116 2457 165 2514 luit
190 2475 279 2514 nausa,
295 2457 480 2513 damnationis.
519 2459 642 2530 Namque
662 2458 834 2514 Athenienses

44 2540 143 2607 propter
152 2533 277 2588 Pisistrati
291 2531 471 2608 tyrannidem,
491 2533 665 2606 quaepannis
679 2533 756 2589 annis
774 2541 835 2588 anto

44 2609 133 2675 beret,
150 2607 270 2664 omnium
283 2625 394 2664 suorum
406 2607 507 2663 nivium
522 2609 663 2680 potentiam
681 2609 834 2664 extimesne-

44 2685 112 2742 bant.
139 2686 165 2742 2.
176 2682 319 2756 Miltiades,
331 2682 448 2740 multum
457 2683 486 2739 in
495 2681 614 2756 imperiis
623 2682 835 2756 magistratibus-
