2054 3232
176 225 209 278 ne
344 219 412 276 nu.
433 200 649 278 rruonoon.
669 218 752 298 cnr.
771 220 806 280 v.

175 330 278 386 riorum
298 345 333 388 ex
352 345 397 386 ore
417 330 475 386 eius
495 328 570 386 exiit.
612 333 639 387 3.
663 329 717 397 Qui
738 329 863 403 quidem,
892 349 975 405 quum

176 423 240 462 eoae
253 404 343 462 laudes
355 404 458 480 audiret
469 404 627 476 praedicari,
646 403 796 478 numquam
813 405 890 460 aliud
899 407 974 472 dixit,

176 497 260 553 quam
270 497 300 536 oe
312 480 341 536 in
353 497 383 536 eo
395 497 424 536 re
435 481 567 536 maximae
578 478 632 534 diie
643 479 741 552 gratim
753 497 831 554 agore
843 488 925 553 aterne
933 481 977 536 ha-

175 556 246 620 bere,
261 552 342 628 quod,
354 571 441 628 quum
450 553 566 610 Siciliam
578 570 693 610 recreare
704 555 910 621 constituissent,
923 563 976 610 tum

176 648 206 686 se
216 629 386 702 potissimum
398 629 494 687 ducem
503 645 562 685 esee
574 627 730 686 volnissent.
769 632 796 686 i.
816 630 891 686 Nihil
907 633 976 686 enim

176 723 266 762 rerum
278 705 457 762 humenerum
469 705 527 760 obre
539 703 649 760 deorum
662 704 773 762 numine
788 707 845 779 geri
859 706 974 776 putabat.

175 781 267 854 ltaque
278 797 343 836 eune
353 779 427 836 domi
439 779 565 837 eaoellum
573 775 742 854 Αὐτοματίας
750 779 927 846 constitueret,
939 779 977 835 id-

176 873 230 928 que
241 855 406 911 sanctissime
417 853 526 912 colebat
948 891 952 896 -

231 930 264 986 V.
284 928 326 984 Ad
338 929 407 984 hano
418 929 535 984 hominia
552 927 720 986 excellentem
738 929 882 986 bonitatem
899 929 978 984 mira-

176 1002 243 1060 biles
259 1010 424 1060 aoceeserunt
440 1019 527 1060 meus.
567 1005 637 1060 Nam
652 1003 751 1076 proelia
765 1005 887 1062 maxime
899 1003 978 1060 natali

176 1079 220 1134 die
231 1095 281 1134 suo
293 1076 353 1134 iecit
364 1079 468 1135 omnio:
488 1096 543 1152 quo
555 1077 653 1136 lactum
666 1086 718 1146 est,
734 1085 764 1134 ut
776 1081 834 1136 eius
846 1080 920 1136 diem
932 1098 978 1135 na-

176 1153 255 1210 talem
271 1151 369 1210 lentum
384 1153 491 1210 heberet
507 1154 632 1212 universa
649 1153 747 1210 Sicilia.
785 1157 812 1212 2.
833 1154 902 1210 Huic
918 1155 979 1227 qui-

176 1228 239 1284 dam
255 1229 416 1294 aneetiue,
434 1229 515 1285 homo
530 1228 652 1301 petulans
665 1236 691 1283 et
706 1229 840 1303 ingratus,
861 1229 979 1285 radimo-
1016 1227 1017 1238 ¹

176 1305 253 1360 nium
270 1323 357 1377 quum
373 1303 451 1371 uellet
466 1303 615 1376 imponere,
640 1303 714 1376 quod
734 1321 796 1360 cum
813 1303 859 1361 illo
876 1322 905 1360 ee
923 1304 980 1379 lege

176 1395 252 1453 agere
264 1379 369 1446 diceret,
384 1386 410 1434 et
420 1378 570 1451 complures
582 1379 787 1444 concurrissent,
802 1380 850 1451 qui
863 1379 981 1450 procaci-

175 1463 255 1510 tatem
267 1455 384 1512 hominis
396 1455 650 1510 menibueceereere
659 1460 828 1510 conarentur:
843 1453 980 1510 Timoleon
1016 1473 1017 1498 t

175 1529 261 1586 oravit
271 1547 373 1595 omnes,
389 1546 422 1584 ne
434 1529 462 1584 id
474 1528 596 1584 lacerent.
630 1529 752 1601 Namque
764 1527 793 1582 id
805 1535 836 1584 ut
848 1529 980 1584 Lamestio

175 1605 321 1676 ceterisque
337 1603 437 1670 liceret,
456 1621 485 1659 se
496 1604 628 1660 maximos
641 1602 743 1658 labores
759 1620 922 1676 summaque
934 1605 981 1660 ad·
1016 1629 1017 1660 i

176 1679 238 1734 iisse
254 1678 380 1749 pericula.
418 1679 492 1734 Hanc
507 1679 579 1734 enim
597 1677 712 1750 speciem
724 1676 849 1734 libertatis
864 1695 937 1744 mee,
957 1681 981 1734 si
1016 1677 1017 1728 ἶ

176 1753 311 1820 omnihus,
325 1753 399 1825 quod
411 1753 527 1826 quisque
540 1752 624 1818 vellet,
637 1752 741 1839 legibue
753 1753 868 1824 experiri
880 1751 979 1810 liceret.

177 1831 204 1882 3.
224 1827 310 1893 Idem,
325 1845 411 1900 quum
424 1827 535 1900 quidam
546 1827 672 1884 Lemeetir
684 1827 793 1893 similis,
809 1827 918 1884 nomine
930 1828 982 1882 De-

176 1907 325 1968 maenetus,
345 1901 373 1956 in
384 1903 509 1958 concione
520 1902 612 1976 populi
625 1901 658 1958 do
671 1903 750 1957 rebus
763 1903 844 1975 gestis
861 1903 922 1958 eius
935 1903 981 1958 de-

175 1977 279 2034 trahere
290 1976 424 2048 coepisset,
436 1993 466 2032 ae
477 1977 606 2034 nonnulla
616 1976 782 2034 inveheretur
792 1978 820 2032 io
830 1977 982 2034 Timoleon-

175 2060 211 2119 te,
227 2051 303 2117 dixit,
319 2069 391 2107 nuno
403 2051 511 2108 demum
522 2069 553 2110 ee
564 2052 618 2110 voti
631 2069 688 2108 esee
700 2051 866 2108 demnatum.
897 2054 981 2108 Nom-

175 2145 229 2200 que
238 2127 292 2198 ¹hoo
303 2145 318 2182 a
330 2127 382 2182 diis
399 2126 592 2184 immortalibus
609 2144 714 2199 semper
729 2137 878 2200 precatum,
898 2135 930 2184 ut
942 2136 982 2184 ta-

176 2201 229 2258 lem
246 2201 391 2258 libertatem
408 2202 553 2258 restitueret
569 2201 755 2276 Syracusanis,
775 2201 804 2258 iu
820 2220 877 2274 qua
892 2202 981 2258 cuivis

176 2275 277 2340 liceret,
296 2275 329 2330 de
346 2293 401 2348 quo
417 2275 508 2342 vellet,
527 2277 637 2348 impune
650 2275 745 2333 dicere.
785 2279 811 2330 l.
833 2277 881 2332 llic
892 2295 980 2350 quum

176 2350 248 2405 diem
260 2365 416 2420 supremum
429 2351 545 2416 obiisset,
559 2351 666 2422 publice
679 2351 877 2425 eSyrecusenis
889 2351 920 2406 in
929 2370 982 2426 gy-

176 2423 288 2490 mnasio,
300 2423 373 2498 quod
382 2423 589 2482 Timoleonteum
599 2425 754 2498 appellatur,
770 2431 822 2482 tola
832 2425 981 2484 celebrante

176 2497 274 2565 Sicilia,
289 2497 409 2572 sepultus
420 2505 469 2554 eet.

494 2659 666 2678 «ηε--ι--ν
