2054 3232
199 225 247 280 llo
359 221 455 280 XXV.
475 221 657 280 ATTICUS.
677 221 760 280 CAP.
780 223 831 282 v1.
853 221 857 228 ⁴

198 339 305 388 natura:
334 331 411 386 euius
429 331 468 386 sia
485 333 650 404 asperitatem
667 333 767 388 veritus
784 339 837 398 est,
858 339 897 399 ut,
918 347 1000 406 quem

198 423 276 464 nemo
292 405 358 460 lerre
376 414 471 478 posset,
490 407 573 462 huius
589 405 647 462 sine
662 407 805 463 offensione
817 407 852 464 ad
864 425 1000 463 summam

197 481 506 536 senectutem-retinuerit
521 480 741 537 benevolentiam.
780 482 839 550 Quo
854 482 924 539 tanao
939 483 1000 538 tulit

197 555 300 628 pietatis
322 554 447 611 fructum.
486 559 513 614 2.
534 555 664 613 Caecilius
687 556 761 612 enim
783 557 899 612 moriens
922 565 999 612 testa-

197 637 286 686 mento
303 631 436 702 adoptavit
452 639 524 697 eum,
543 629 721 704 heredemque
737 629 797 686 feeit
809 649 842 686 ex
855 631 996 687 dodrante:

197 721 231 761 ex
244 721 297 778 qua
309 704 451 760 hereditate
463 706 561 778 aooepit
570 705 671 760 circiter
680 707 777 762 oenties
789 705 862 761 LLS.
895 710 923 762 3.
936 708 999 762 Erat
1017 718 1018 734 ³

197 787 281 852 nupta
293 795 366 834 soror
377 779 456 834 Attici
469 780 501 848 Q.
516 779 604 836 Tullio
616 779 749 837 Cioeroni:
775 797 873 854 easque
890 783 997 854 nuptias
1017 829 1018 834 ,

197 855 234 910 Μ.
249 853 339 910 Cineae
351 853 510 922 eonoiliarat,
524 871 587 911 aum
599 871 655 928 quo
672 873 687 910 a
699 855 911 927 eondiscipuletu
923 857 1000 912 vive-

196 928 243 984 bat
266 928 488 995 ooniunotissime,
512 929 598 986 multo
620 930 699 986 etiam
719 929 891 996 familiarius,
915 949 998 1003 quam

197 1019 259 1058 oum
269 1001 380 1072 Quinto;
395 1010 425 1059 ut
438 1003 549 1062 iudieari
561 1006 652 1078 possit,
666 1004 729 1077 plus
741 1006 770 1060 in
782 1005 898 1060 amioitia
911 1004 998 1060 valere

197 1076 400 1133 similitudinem
417 1096 536 1146 morum,
554 1097 637 1152 wem
649 1079 822 1136 adfinitatem.
862 1082 887 1134 l.
903 1080 998 1136 [iteha-

197 1159 242 1207 tur
263 1160 351 1207 autem
372 1153 465 1209 intime
486 1154 519 1222 0.
542 1155 686 1221 Hortensio,
709 1155 758 1228 qui
774 1154 818 1208 his
834 1151 997 1226 temporibus

128 1235 136 1242 “
196 1227 375 1300 prinoipatum
391 1228 555 1302 eloquentiae
570 1230 682 1295 tenebat,
701 1236 732 1284 ut
743 1227 856 1303 intelligi
869 1234 925 1285 nori
936 1247 997 1301 pos·

197 1309 244 1369 set,
259 1310 317 1358 uter
328 1321 390 1358 eum
402 1303 464 1376 plus
477 1303 609 1379 diligeret,
628 1304 718 1361 Cioero
742 1323 776 1360 an
789 1305 959 1359 Hortensius:
973 1313 998 1359 et

197 1376 235 1444 id,
254 1377 327 1450 quod
343 1385 398 1434 erat
413 1377 612 1445 difficillimum,
631 1378 768 1444 elfieiebat,
786 1385 825 1445 ut,
843 1379 914 1434 inter
929 1397 997 1452 ques

196 1459 283 1508 tantae
295 1451 381 1508 laudis
398 1461 466 1509 esset
477 1452 630 1517 aemulatio,
645 1453 718 1510 nulla
731 1453 900 1510 intercederet
912 1455 998 1510 obtre-

197 1527 282 1593 otatio,
297 1535 418 1600 essetque
429 1525 523 1584 talium
536 1529 655 1584 virorum
667 1528 771 1601 oopula.

251 1603 296 1659 Vl.
317 1603 347 1657 ln
360 1603 494 1675 republioa
510 1604 546 1658 ita
563 1611 683 1660 versatus
700 1611 751 1670 eet,
771 1610 801 1658 ut
812 1619 919 1676 semper
927 1607 997 1676 opti-

197 1693 302 1732 marum
314 1678 430 1748 partium
443 1685 469 1732 et
479 1684 548 1733 esset
559 1685 584 1733 et
596 1678 797 1745 existimaretur,
813 1694 901 1751 neque
909 1686 995 1734 temen

197 1769 226 1806 se
237 1751 362 1807 civilibus
375 1751 498 1808 fluetibus
510 1753 690 1820 oommitteret,
705 1752 778 1826 quod
790 1769 843 1808 non
856 1754 945 1826 magis
954 1771 995 1808 ees

196 1826 224 1880 in
239 1843 287 1880 sua
299 1834 423 1897 potestate
434 1827 602 1884 existimabat
613 1843 679 1894 esse,
694 1827 742 1901 qui
755 1845 784 1883 se
796 1827 839 1882 his
851 1827 993 1894 dedissent,

197 1915 279 1972 quam
291 1899 340 1972 qui
352 1901 493 1956 maritimis
505 1901 672 1958 ieetaoentur.
711 1905 738 1960 2.
758 1903 875 1958 Honores
887 1919 942 1958 non
953 1921 997 1974 pe-

196 1975 247 2041 tiit,
262 1991 348 2048 quum
360 1976 385 2030 ei
396 1983 514 2048 paterent
525 1985 630 2050 propter
642 1976 684 2033 vel
696 1977 810 2052 gretiam
822 1977 865 2034 vel
878 1975 994 2052 dignita·

196 2056 263 2106 tem:
289 2049 363 2123 quod
375 2067 461 2124 neque
472 2053 526 2125 peti
537 2069 611 2108 mora
618 2052 759 2118 maiorum,
771 2069 859 2125 neque
867 2053 927 2125 oapi
937 2070 996 2125 poe

196 2133 255 2181 sent
271 2127 431 2182 oonservatis
444 2126 558 2202 legibus,
572 2145 601 2182 ru
614 2139 669 2182 tam
681 2125 772 2182 effusis
785 2127 905 2182 ambitus
918 2127 995 2200 largi-

196 2200 324 2267 tionibus,
339 2219 426 2288 neque
437 2201 494 2276 geri
506 2219 522 2257 e
534 2201 638 2268 republ.
652 2202 710 2257 sine
720 2201 847 2276 perieulo,
867 2203 994 2274 eorrupo's

196 2274 310 2330 ainans
322 2277 453 2331 moribus.
492 2281 518 2331 3.
539 2275 581 2331 Ad
589 2277 692 2333 hastam
701 2275 835 2348 publioam
847 2293 994 2350 numquam

196 2349 313 2405 aooessit.
352 2349 460 2405 Nullius
476 2351 514 2404 rei
531 2367 619 2424 neque
634 2367 710 2424 praes
723 2367 810 2423 neque
821 2367 947 2424 manoeps
958 2351 995 2405 la-

196 2430 254 2478 etus
267 2431 315 2478 est.
354 2425 493 2480 Neminem
503 2441 590 2498 neque
598 2443 647 2482 suo
656 2425 773 2490 nomine,
783 2443 871 2498 neque
880 2426 995 2482 subseri-

195 2499 272 2564 bens,
287 2499 429 2554 aeausavit.
469 2499 499 2554 ln
517 2501 563 2556 ius
573 2500 606 2557 de
617 2519 666 2557 sua
679 2518 708 2556 re
719 2517 869 2574 numquam
882 2502 927 2570 iit3
954 2501 996 2554 iu-

196 2573 297 2628 dicium
310 2573 416 2628 nullum
429 2573 532 2629 habuit.
573 2578 598 2630 l.
619 2575 762 2631 Mullomm
771 2575 996 2650 oonsulumprae-

196 2655 338 2720 torumque
349 2645 523 2718 praefecturas
535 2648 633 2704 delatas
645 2651 802 2722 sio‘aooapit,
820 2657 851 2705 ut
863 2651 995 2706 neminem
1017 2643 1019 2662 ²

197 2721 226 2776 in
238 2722 402 2796 provinciam
415 2722 450 2784 sit
462 2729 577 2790 secutus,
592 2723 691 2781 honore
702 2721 782 2786 fuerit
793 2731 941 2792 motantur,
958 2725 994 2781 rei
