2058 3234
63 189 65 192 ’
183 193 214 246 lt)
271 191 309 246 11.
329 187 638 246 THEMISTOCLES.
658 187 884 248 ctr.111.1v.

171 293 338 355 'conferrent
350 315 412 354 eum
421 297 566 354 enimdeo
575 297 719 374 significari
728 315 837 353 murum
847 296 989 372 ligneum.

181 378 208 428 8.
228 373 285 428 Tali
297 373 407 429 oonsilio
419 373 527 445 probato
540 373 641 428 addunt
652 373 686 429 ad
704 373 852 445 superiores
870 373 990 427 totidm

181 465 262 504 naves
275 449 407 514 triremes,
421 465 524 522 suaque
536 449 639 514 omnia,
655 465 725 521 quae
737 448 838 504 moveri
847 456 987 520 poterant,

180 524 276 596 partim
295 522 441 598 Salamina,
460 523 557 596 partim
573 525 704 579 Troezena
722 530 866 594 asportant3
891 537 990 576 arcem

92 599 99 614 ‘
181 598 357 654 sacerdotibus
371 598 516 672 paucisque
528 597 673 654 maioribus
686 605 749 652 natu
763 614 793 652 ao
801 613 874 652 saera
883 612 990 670 procu-

181 673 386 740 randatradunt,
398 672 533 746 reliquum
541 672 669 745 oppidum
678 671 842 744 relinquunt.

237 749 281 804 lll.
301 748 386 804 lluius
396 747 536 803 consilium
545 747 679 820 plerisque
691 747 842 803 civitatibus
855 745 990 818 displice-

180 823 238 888 bat,
260 830 285 878 et
302 829 370 878 terra
387 821 507 878 dimicari
525 821 611 896 magis
628 821 757 895 plecabat.
794 823 885 894 ltaque
902 821 988 875 missi

181 905 245 952 sunt
253 896 344 951 delecti
353 913 415 951 cum
425 896 554 962 Leonida,
569 896 834 952 Lacedaemoniorum
843 913 920 970 rege,
932 896 987 968 qui

182 971 370 1045 Thermopylas
378 977 543 1044 occuparent,
554 970 713 1045 longiusque
721 971 846 1032 barbaros
856 971 987 1044 progredi

181 1064 235 1102 non
253 1053 412 1118 paterentur.
450 1046 483 1101 lli
502 1047 559 1102 rim
576 1046 693 1102 hostium
712 1063 765 1102 non
784 1046 983 1112 sustinuerunt,
999 1081 1002 1088 ·

181 1137 265 1194 eoque
275 1120 330 1176 loco
338 1137 430 1176 omnes
440 1119 604 1177 interierunt.
639 1125 666 1180 2.
687 1120 720 1177 At
729 1121 821 1176 classis
829 1121 986 1176 communis

182 1196 305 1252 Graeciae
318 1203 491 1252 accentuum
504 1197 628 1264 navium,
653 1197 682 1252 in
695 1213 749 1269 qua
762 1195 888 1252 ducentae
905 1203 986 1250 erant

182 1271 397 1338 Atheniensium,
423 1271 541 1343 primum
560 1271 631 1344 apud
649 1270 821 1326 Artemisium
840 1270 908 1326 inter
925 1271 985 1326 Eu-
1016 1307 1017 1312 κ

181 1347 274 1402 bceam
296 1346 639 1419 oenunenremqueterram
661 1363 723 1400 cum
745 1345 886 1402 classiariis
908 1346 985 1420 ragis
1016 1339 1017 1352 ¹

181 1421 307 1478 condixit.
346 1421 489 1497 Angustias
498 1413 570 1478 edim
581 1420 766 1476 Themistocles
779 1420 936 1493 quaerebat,
948 1437 984 1476 ne

181 1496 351 1553 multitudine
359 1497 551 1553 circumiretur.
590 1500 616 1552 3.
636 1496 684 1552 llic
692 1496 740 1551 elsi
749 1495 807 1568 pari
816 1493 915 1567 proelio
924 1494 984 1549 dis-

182 1579 324 1637 cesserant,
345 1579 433 1627 umen
451 1571 543 1627 eodem
561 1569 617 1626 loco
633 1588 686 1627 non
700 1577 763 1626 sunt
781 1570 840 1626 ausi
858 1585 981 1626 manere:
1016 1563 1017 1589 ¹

182 1647 254 1720 quod
262 1653 317 1701 erat
325 1644 482 1717 periculum,
493 1663 535 1712 ne,
546 1645 570 1700 si
579 1662 641 1718 pars
650 1645 760 1703 narium
769 1644 983 1701 adversariorum

181 1721 316 1778 Euboeam
339 1727 499 1792 superasset,
523 1720 631 1792 ancipiti
653 1728 833 1792 premerentur
852 1719 980 1792 periorrlo.

183 1799 209 1851 l.
229 1795 287 1862 Quo
297 1793 394 1849 lactrrm
403 1803 455 1860 est,
471 1794 692 1852 utabArtamisio
703 1794 879 1861 discederent,
894 1802 920 1850 et
933 1812 982 1850 ex-

182 1869 324 1926 adversum
337 1868 453 1926 Athenas
466 1870 538 1944 apud
550 1869 684 1926 Salamina
697 1869 807 1926 classem
821 1887 898 1926 suam
917 1886 982 1926 ecn-

182 1945 327 2000 stituerent.

185 2043 188 2053 ·
236 2020 281 2076 lV.
301 2018 335 2075 At
344 2018 460 2085 Xerxes,
477 2019 660 2096 Thermopylis
670 2020 842 2096 expugnatis,
907 2019 981 2075 tinus

182 2095 289 2152 accessit
298 2102 370 2160 astu,
383 2093 464 2167 idque
472 2093 555 2150 nullis
564 2093 776 2162 defendentibus,
789 2095 842 2150 inte
866 2094 928 2150 cotis
937 2113 981 2150 sa-

181 2171 343 2235 cerdotibus,
363 2186 431 2242 quos
451 2169 478 2224 in
498 2187 556 2225 arce
570 2171 717 2236 invenerat,
738 2169 859 2225 incendio
871 2169 978 2225 delevit.

181 2249 209 2301 2.
230 2245 314 2300 Cuius
328 2243 397 2299 lama
412 2245 539 2316 perterriti
553 2244 680 2300 classiarii
697 2261 783 2316 quum
802 2261 906 2300 manere
925 2261 979 2300 non

182 2319 316 2383 auderent,
323 2326 348 2373 et
356 2318 466 2390 plurimi
476 2318 648 2384 hortarentur,
655 2328 685 2374 ut
693 2319 784 2376 domos
793 2337 856 2375 suas
865 2319 979 2394 quisque

154 2409 156 2416 ’
182 2393 353 2458 discederent,
364 2393 556 2465 moenibusque
565 2411 593 2449 sa
602 2393 781 2450 defenderent:
794 2394 978 2450 Themistoclea
1014 2409 1015 2430 l

182 2487 254 2526 unus
268 2468 373 2533 restitit,
389 2475 414 2523 et
428 2467 565 2523 universos
577 2486 653 2542 pares
668 2485 725 2524 esse
737 2487 814 2542 posse
826 2469 921 2534 aiebat,
936 2469 978 2525 di·
1014 2437 1015 2507 l

183 2561 287 2616 sparsos
296 2542 436 2598 tesubatur
445 2543 587 2616 perituros;
607 2543 853 2619 idqueEurybiadi,
865 2544 918 2618 regi
928 2546 978 2600 la·

183 2619 419 2686 oedaemoniorum,
424 2621 474 2763 gui
485 2625 542 2674 tum
551 2635 672 2676 summae
681 2617 786 2692 imperii
795 2627 917 2691 praeerat,
924 2618 977 2676 fora

183 2693 339 2751 affirmabat.
378 2698 404 2751 3.
449 2711 605 2768 nemquum
614 2694 718 2762 minus,
730 2712 812 2768 quam
822 2693 977 2762 velletmo·
