2058 3234
193 199 226 254 aa
416 182 603 254 vjcmou.
624 196 708 252 car.
729 198 766 253 11.

193 321 308 360 sororem
316 321 470 379 germanam
479 324 565 372 suani,
575 306 833 378 nomineElpinicen,
845 322 901 360 nnn
911 306 1000 379 magis

193 397 294 446 amore,
310 398 391 453 quam
406 399 478 437 more
492 381 597 436 citamus.
636 382 704 436 Nam
714 380 927 436 Atheniensibus
943 379 1000 434 licet

192 455 284 511 eodem
297 463 370 528 patre
384 465 457 512 natas
471 473 566 512 uxores
580 454 686 512 ducere.
726 459 751 510 3.
772 456 858 512 Huius
876 455 998 529 coniugii
1012 479 1013 482 ¹

192 529 306 602 cupidus
316 530 412 588 Callias
422 531 546 604 quidam,
559 547 611 587 non
623 539 675 586 tam
685 547 843 604 generosus,
855 548 947 603 quam
958 549 999 603 pc·

192 606 328 672 cuniosus,
340 607 387 679 qui
398 607 508 681 magnas
517 607 643 678 pecumas
653 623 686 662 ex
696 606 808 661 memllis
817 605 935 675 lecerat,
949 606 998 679 egit

192 698 254 736 cum
264 680 382 747 Cimone,
394 689 424 736 ut
433 699 492 738 eam
502 682 554 736 sibi
564 699 675 737 uxorem
684 681 769 736 daret:
785 680 845 736 idei
856 681 998 752 impetras
1012 733 1013 740 ,

192 765 239 822 set,
251 773 280 812 se
288 772 336 828 pro
346 755 391 812 illc
400 758 539 828 pecuniam
549 755 710 812 soluturam.
739 759 764 812 l.
786 757 908 828 loquum
919 755 996 810 talem
1012 755 1013 782 ³

192 831 367 886 conditionem
383 840 577 904 aspernaretur,
594 831 716 903 Elpinice
733 831 839 904 negavit
853 847 882 884 se
901 847 996 901 passu-

192 923 264 971 ram,
279 905 404 960 Miltiadis
417 907 567 980 progeniem
582 905 610 962 in
625 905 740 962 vinculis
753 905 868 977 publicis
877 905 994 968 interire,

193 981 320 1054 quoniam
330 981 468 1052 prohibere
481 989 580 1053 posset,
596 999 677 1054 seque
686 979 784 1038 Calliae
797 987 961 1053 nupturam,
976 981 994 1033 si

193 1073 233 1120 ea,
244 1073 313 1128 quae
323 1055 495 1126 polliceretur,
506 1056 684 1128 praestitisset.

249 1131 283 1184 ll.
305 1130 360 1184 Tali
377 1131 454 1186 modo
467 1131 584 1186 custodia
593 1130 719 1186 liberatus
730 1127 823 1187 Cimon
832 1128 953 1186 celeriter
966 1129 994 1184 ad

193 1204 371 1277 principatum
382 1207 510 1278 pervenit.
540 1205 657 1261 llnbebat
665 1206 737 1261 enim
746 1205 810 1260 satis
818 1205 991 1277 eloquentiae,

194 1297 327 1334 summam
339 1281 528 1346 liberalitatem,
544 1298 669 1355 magnam
678 1280 846 1352 prudentiam
856 1297 945 1352 quum
957 1281 993 1334 iu·
1012 1299 1013 1322 t

194 1355 231 1410 ris
241 1355 341 1422 civilis,
354 1364 410 1410 tum
420 1356 458 1411 oei
468 1355 602 1422 militaris,
613 1355 687 1430 quod
695 1363 758 1410 cum
767 1362 840 1427 patre
848 1372 863 1409 a
872 1372 958 1426 puero
969 1356 991 1408 in

193 1431 350 1486 exercitibus
361 1429 443 1486 luerat
453 1438 581 1487 versatus.
621 1431 711 1504 ltaque
718 1429 763 1486 hic
775 1437 799 1485 et
808 1429 939 1502 populum
952 1449 991 1485 ur-

192 1505 294 1561 banum
305 1507 332 1561 in
341 1524 390 1561 sua
400 1506 483 1562 tenuit
491 1512 627 1578 potestate,
641 1513 668 1560 et
676 1504 747 1576 apud
756 1505 900 1561 exercitum
909 1504 991 1577 pluri-

193 1597 270 1636 mum
284 1580 368 1637 valuit
381 1581 540 1636 auctoritate.
577 1583 606 1638 2.
627 1580 748 1636 Primum
765 1579 906 1652 imperator
923 1579 991 1651 apud

193 1653 293 1710 llumen
304 1655 443 1730 Strymona
454 1673 563 1730 magnas
577 1655 664 1727 copias
675 1655 807 1710 Thracum
817 1653 932 1730 fugavit,
949 1673 990 1725 op

193 1729 288 1802 pidum
293 1729 464 1802 Amphipolin
475 1730 618 1797 comtituit,
630 1747 714 1804 eoque
723 1729 813 1786 decem
822 1729 906 1786 millia
914 1729 990 1784 Athe

194 1805 328 1859 niensium
337 1805 366 1860 in
376 1805 504 1860 coloniam
513 1805 596 1861 misit.
635 1804 707 1860 Idem
719 1805 813 1860 iterum
825 1803 896 1876 apud
906 1805 990 1878 Myce·
1012 1837 1013 1874 3

194 1878 267 1936 lenC
306 1879 406 1934 riorum
416 1888 440 1935 et
448 1881 608 1936 Phoenicum
618 1879 792 1936 ducentarum
806 1879 917 1936 navium
927 1879 989 1934 olas-

193 1971 250 2012 sem
281 1954 391 2010 evictam
405 1955 485 2027 oepit:
516 1959 542 2011 3.
563 1953 764 2029 eodemquedie
780 1953 987 2028 parllcrtunain

193 2037 262 2086 terra
275 2047 341 2086 usus
355 2039 403 2086 ast.
442 2031 563 2104 Namque
577 2030 693 2086 hostium
707 2030 822 2086 navibus
832 2030 925 2102 captis,
942 2037 988 2084 sta-
1012 2039 1013 2090 t

194 2105 242 2160 tim
252 2124 285 2162 ex
295 2105 377 2163 classa
386 2105 474 2180 copias
482 2105 659 2172 suaseduxit,
673 2105 899 2178 barbarorumque
908 2104 987 2159 maxi·
1012 2137 1013 2146 κ

193 2199 266 2236 mam
280 2181 337 2238 vim
351 2199 405 2237 uno
423 2197 553 2238 concursu
571 2181 720 2253 prostravit.
760 2183 786 2235 l.
806 2179 865 2246 Qua
886 2179 986 2236 victoria
1012 2181 1013 2234 l

194 2273 291 2329 magna
300 2257 396 2328 praeda
404 2257 502 2329 potitars
511 2273 596 2329 quum
605 2255 716 2310 domum
725 2260 906 2319 reverteretur,
920 2251 987 2326 qued
1012 2235 1013 2330 l

195 2330 249 2385 iam
259 2330 401 2386 nonnullae
411 2330 513 2387 insulae
521 2337 626 2403 propter
635 2330 800 2386 acerbitatem
810 2329 913 2400 imperii
923 2327 987 2384 dele-
1012 2333 1013 2336 ’

167 2471 171 2478 ‚
195 2413 292 2471 cerant,
303 2405 370 2461 bene
380 2407 509 2462 animatas
519 2405 692 2472 confirmavit,
700 2403 986 2462 alienatasadnltieium

195 2479 282 2536 redire
296 2481 390 2555 coegit.
428 2484 455 2536 5.
475 2480 602 2556 Scyrum,
618 2498 700 2554 quarn
713 2497 744 2536 eo
758 2486 873 2552 ternpore
884 2478 985 2550 Dolopas

195 2554 357 2621 iamlabant,
368 2555 441 2629 quod
454 2557 635 2612 contumacius
644 2562 828 2630 segesserant,
843 2553 983 2617 tumefecit,
1012 2545 1013 2602 l

195 2638 418 2690 sessores-veteres
427 2631 493 2688 urbe
502 2630 643 2704 insulaque
652 2631 738 2696 eiecit,
754 2647 832 2705 agros
841 2629 941 2686 civibus
949 2627 986 2683 di·
1012 2637 1013 2704 ,

196 2707 269 2766 visit.
308 2707 418 2764 Thasios
427 2705 559 2782 opolentia
570 2705 647 2762 fretos
656 2723 705 2762 auo
714 2705 829 2763 adventu
838 2703 921 2780 fregit.
943 2703 986 2760 llis
