2054 3232
196 157 294 246 xxv'.
313 187 492 246 irrisus,
513 187 596 246 oar.
617 190 686 246 xrr.
723 203 727 214 ·
791 193 835 248 rat

31 295 129 352 nullas
142 295 294 366 inimicitias
305 297 402 372 gessit:
428 297 501 370 quod
518 315 605 370 netpue
617 297 735 354 laedebat
746 315 841 370 quarra-

33 389 137 444 quam‚
157 389 257 446 neque,
275 373 299 428 si
316 390 399 444 quam
416 373 541 428 iniuriam
558 380 703 445 apoeperat,
727 372 841 428 malebat

32 446 147 512 ulcisci,
170 464 254 519 quam
275 446 408 503 oblivisoi.
447 447 521 502 ldem
549 446 690 503 immortali
712 448 840 504 memoria

33 528 160 594 pereepta
178 521 304 578 retinebat
319 521 459 592 benefioia;
486 539 555 594 quae
572 529 659 578 autem
672 523 729 594 ipse
742 523 841 578 tribue-

32 605 87 662 rat,
103 596 206 652 tamdiu
218 598 383 664 meminerat,
397 597 485 670 quoad
498 597 544 653 ille
554 604 646 671 gratus
658 605 721 664 erat,
736 597 784 670 qui
797 615 841 654 ao-
898 631 905 636 -

33 679 152 743 oeperat.
191 676 217 728 6.
237 673 328 746 ltaque
339 672 385 731 bio
395 669 466 738 feeit,
480 679 511 726 ut
523 689 584 730 vere
592 671 693 728 dietum
703 671 838 730 videatur:

35 745 89 802 Sui
102 751 196 816 auique
207 765 291 804 morea
301 751 402 818 flauam
412 753 553 819 {utonem
581 748 674 822 Neque
684 755 772 804 umen
784 748 841 821 pri·
922 771 925 778 ·

33 837 73 876 us
86 820 132 876 ille
148 820 289 888 fortunam,
308 840 392 896 mam
408 839 438 880 se
453 822 520 895 ime,
539 822 630 881 fiuxit:
653 824 702 897 qui
713 823 792 891 cavit,
806 839 841 880 no

29 913 93 972 'qua
107 895 136 950 in
149 913 177 952 re
189 897 246 954 iure
256 896 421 970 plecteretur.

96 971 159 1026 ΧΠ,
182 973 230 1028 His
256 971 339 1046 igitur
362 973 442 1029 rebus
465 972 561 1038 effecit,
585 981 616 1030 ut
636 974 673 1030 ll.
697 973 840 1046 Vipsanius

35 1044 174 1119 Agrippa,
199 1047 292 1104 intima
312 1047 490 1104 familiaritate
505 1048 663 1104 oouiunotus
684 1049 840 1105 adolesoenti

36 1120 155 1186 Caesari,
169 1137 255 1194 quum
267 1130 373 1196 propter
381 1141 458 1180 suana
467 1123 581 1196 gruem
590 1131 616 1178 et
624 1123 742 1180 Caesaris
750 1133 842 1196 poten-

35 1196 105 1252 tiam
115 1195 219 1252 nullius
230 1198 388 1254 eonditionis
400 1215 453 1254 non
466 1197 573 1254 haberet
584 1203 745 1269 potestatem,
760 1199 842 1271 potis-
929 1241 934 1248 .

36 1271 142 1326 simum
155 1270 213 1327 eius
224 1271 350 1347 deligaret
358 1272 530 1339 adfinitatem,
542 1279 756 1346 praeoptaretque
765 1273 843 1346 equi·

37 1346 72 1402 tis
86 1346 201 1402 Romani
214 1345 299 1404 filiam
309 1363 497 1422 generosarum
507 1347 618 1420 nuptiis.
656 1351 684 1405 2.
697 1347 784 1421 Atque
793 1348 842 1404 ha-

36 1437 102 1476 rum
120 1422 276 1494 nuptiarum
292 1423 444 1480 oonoiliator
459 1422 510 1478 fuit
526 1421 593 1509 (non
609 1430 650 1478 est
664 1422 736 1479 enirn
755 1421 843 1478 oelan·

36 1493 120 1568 dum)
137 1497 175 1552 ll.
192 1496 338 1566 Antonius,
355 1498 482 1556 triumvir
498 1497 613 1570 reipubl.
631 1496 841 1554 constituendae:

36 1570 119 1629 ouius
141 1572 225 1645 gratia
246 1590 333 1646 quum
354 1591 450 1650 augere
465 1573 643 1646 possessiones
664 1580 841 1646 posssimus,

36 1653 147 1702 tantum
159 1645 226 1704 aluit
237 1665 252 1704 a
264 1647 407 1721 eupiditate
418 1648 555 1721 peouniae,
568 1655 600 1704 ut
611 1647 685 1704 nulla
695 1647 724 1704 in
736 1665 765 1704 re
776 1665 844 1704 usus

37 1721 74 1776 sit
86 1737 129 1786 ea,
145 1722 199 1776 nisi
212 1723 240 1780 in
258 1722 429 1796 deprecandis
445 1723 592 1780 amiooruna
604 1730 650 1780 aut
660 1722 786 1796 perieulis
798 1728 844 1778 aut

37 1796 228 1854 incommodis.
267 1802 295 1855 3.
314 1798 391 1867 Quod
402 1798 511 1872 quidem
524 1798 577 1855 sub
590 1799 646 1870 ipsa
655 1797 845 1871 proscriptione

37 1871 193 1944 perillustre
210 1871 270 1930 tuit.
308 1875 376 1931 Nam
393 1891 480 1947 quum
498 1875 530 1930 L.
548 1872 661 1940 Satrieii,
679 1873 777 1947 equitis
793 1874 845 1928 llo-

10 1989 13 1994 ’
39 1947 845 2095 tttatttltttttlttettttltttuatt

39 2097 68 2151 in
84 2095 159 2152 ltalia
177 2097 302 2168 pretiosas
318 2063 504 2170 possoiaimes,
524 2065 739 2153 triumviri’bona
751 2095 846 2151 vendi-

39 2171 145 2226 dissent
161 2171 351 2228 oonsuetudins
366 2189 405 2239 ea,
419 2189 473 2245 qua
487 2179 544 2226 tum
556 2188 599 2228 res
610 2171 783 2245 gerebantur:
799 2170 845 2226 At-

40 2245 86 2301 tici
102 2245 191 2302 labore
200 2255 279 2319 atque
291 2247 420 2304 industria
433 2246 530 2302 lautam
543 2252 591 2311 est,
605 2253 635 2302 ut
647 2245 737 2302 eodem
750 2245 845 2301 nuntio

41 2319 167 2377 Saufeius
186 2321 256 2378 lieret
271 2322 373 2388 earlier,
392 2339 421 2378 se
432 2320 622 2393 patrimonium
635 2321 755 2377 amisisse
767 2329 792 2376 et
805 2337 846 2376 re-
910 2355 916 2368 J

41 2413 194 2468 superasse.
233 2398 259 2451 l.
280 2395 353 2452 ldena
370 2396 402 2452 L.
420 2395 519 2452 lulium
536 2395 668 2462 Calidum,
688 2413 768 2470 quem
786 2402 846 2470 post

42 2471 158 2526 Lucretii
172 2469 322 2543 Catullique
337 2479 447 2526 mortem
464 2471 548 2527 multo
559 2470 786 2546 elegantissimum
799 2488 847 2543 po-

42 2555 114 2602 etam
124 2553 240 2600 nostram
253 2545 346 2602 tulisse
357 2554 466 2602 aeuum
478 2563 539 2602 vere
551 2546 642 2602 videor
654 2563 731 2619 posse
739 2555 846 2601 eonten-

43 2621 115 2685 dere,
133 2637 221 2692 nequo
237 2619 329 2676 minus
346 2621 436 2676 virum
454 2622 555 2678 bonum
572 2622 733 2694 optimisque
744 2619 846 2674 artibus

43 2696 188 2763 eruditam,
198 2702 258 2769 post
265 2695 482 2770 proseriptionem
492 2697 614 2769 equitum
623 2703 727 2769 propter
736 2709 847 2768 magnas
