2058 3234
218 206 300 266 xlv.
319 203 514 262 attritae.
534 203 616 262 CAP.
637 205 686 264 1v.
818 208 852 263 57

40 333 133 388 quam
146 321 264 389 satrapae
283 315 349 390 regii
413 332 456 370 ere
474 322 675 385 consueverant3
695 317 852 388 ornavitque

40 392 128 446 etiam
149 398 240 463 torque
253 398 278 446 et
290 389 402 446 armilis
422 392 508 446 aureis
522 397 659 464 ceteroque
673 391 744 464 regio
761 391 848 461 cultu3

40 469 69 522 2.
93 465 167 537 ipse,
184 467 279 539 agresti
292 462 392 538 duplici
406 465 520 522 amiculo
538 465 715 521 circumdatus
730 465 851 538 hirtaque

41 540 153 605 tunica,
164 557 257 613 gerens
265 541 294 596 in'
305 541 388 612 capito
396 539 498 614 galeam
508 541 682 605 venatoriam,
694 540 784 596 dextra
794 558 851 595 ma·

40 632 84 670 nu
96 613 221 687 olavam,
231 614 483 688 siniscacopubm,
498 615 618 672 vinctum
632 623 692 671 ante
705 632 734 670 sa
743 616 851 690 Tbyum

41 689 156 764 agebat,
171 697 201 745 ut
208 690 233 744 si
243 689 324 746 ieram
334 691 444 746 bestiam
453 697 555 764 captam
565 691 680 764 duceret.
718 693 745 745 3.
766 690 850 757 Quem

41 781 138 838 quum
156 781 248 822 omnes
264 767 441 838 prospicerent
460 773 565 838 propter
583 765 724 822 novitatem
743 773 851 820 ornatus

41 840 223 914 ignotamque
231 839 392 908 lormam,ob
401 857 513 915 eamque
522 857 578 896 rem
588 858 702 916 magnus
712 847 779 896 asset
788 857 851 895 con-

42 932 158 982 cursus;
175 913 225 970 tuit
234 933 287 972 non
297 933 383 982 nemo,
395 915 443 989 qui
454 923 603 990 agnosceret
612 917 729 992 Tbyum,
741 915 851 990 regique

43 990 192 1046 nuntiaret.
232 993 259 1046 l.
278 989 317 1046 ric
329 991 415 1064 primo
429 1008 482 1046 non
496 991 649 1047 accredidit:
671 991 852 1064 itaquePhar-

42 1065 183 1123 nabazum
202 1066 275 1120 misit
292 1065 466 1138 exploratum.
504 1065 528 1122 Α
547 1083 601 1139 quo
621 1074 650 1122 ut
671 1083 727 1121 rem
750 1074 851 1140 gestam
919 1104 926 1115 .

43 1140 189 1212 comperit,
209 1141 297 1196 statim
311 1141 413 1197 admitti
427 1141 517 1206 iussit,
538 1159 696 1215 magnopere
710 1141 851 1196 delectatus

44 1233 138 1288 quum
147 1213 213 1272 iacto
223 1223 396 1282 tumornatu,
413 1216 441 1270 in
451 1215 559 1288 primis,
576 1215 648 1289 quod
658 1215 755 1271 nobilis
765 1233 812 1272 rex
823 1215 851 1270 in

44 1297 202 1364 potestatem
224 1291 371 1364 inopinanti
398 1297 513 1347 venant.
551 1293 578 1347 5.
603 1292 694 1364 ltaque
711 1290 852 1365 magnilica

45 1367 185 1421 Datamem
194 1364 320 1422 donatum
330 1367 364 1423 ad
373 1366 517 1422 exercitum
526 1366 612 1432 misit,
623 1366 739 1438 quitum
750 1373 852 1421 conua-

10 1483 13 1488 .
44 1441 163 1498 bebatur
176 1440 243 1496 duce
256 1441 425 1498 Pharnabazo
438 1449 463 1497 et
477 1441 625 1496 Tithrauste
638 1441 672 1496 ad
686 1440 787 1496 bellum
800 1440 852 1495 Aa·

46 1516 188 1590 gyptium,
199 1517 311 1590 parique
319 1534 395 1584 eum,
407 1523 485 1589 atqua
494 1515 563 1582 illos,
577 1515 687 1588 imperio
696 1532 753 1570 esse
763 1515 849 1570 iussit.

46 1592 142 1646 Postea
151 1609 213 1647 vera
222 1591 509 1664 quamPharuabazum
520 1609 566 1648 rex
576 1591 715 1657 revocavit,
727 1589 767 1644 illi
777 1607 852 1644 sum-

46 1684 93 1722 ma
107 1666 213 1738 imperii
222 1667 315 1722 tradita
324 1677 375 1725 est.

104 1742 151 1799 tv.
171 1742 220 1796 llio
238 1759 323 1814 quum
342 1742 460 1798 maximo
478 1740 566 1796 studio
579 1747 740 1814 compararet
753 1740 852 1796 exerci-
880 1803 882 1805 ,

46 1825 123 1883 tum,
134 1815 339 1891 Aegyptumque
347 1816 476 1889 proticisci
486 1823 601 1888 pararet,
617 1817 705 1872 subito
714 1834 729 1872 a
739 1833 800 1891 rega
810 1815 853 1870 lit-

46 1899 119 1948 terae
128 1899 192 1948 sunt
200 1892 224 1946 ei
234 1891 343 1958 missae,
355 1899 385 1948 ut
394 1891 487 1963 Aspim
497 1891 690 1966 aggrederetur,
702 1892 750 1964 qui
761 1891 853 1948 Catao-

46 1968 125 2022 niam
138 1967 253 2022 teuabat:
275 1983 343 2038 quaa
352 1983 421 2040 gens
428 1967 492 2022 iacet
500 1985 580 2039 supra
591 1967 723 2033 Ciliciam,
740 1966 851 2020 confinis

48 2041 240 2114 Cappadociae.
277 2045 304 2099 2.
325 2043 446 2114 Namque
454 2039 547 2113 Aspis,
563 2040 706 2098 saltuosam
718 2041 852 2113 regionem

48 2116 217 2188 castellisque
227 2117 356 2172 mrruitam
366 2115 492 2182 incolens,
503 2133 555 2172 non
565 2115 653 2170 salum
663 2115 772 2186 imperio
782 2115 851 2188 regis

48 2209 104 2248 non
118 2191 239 2264 parebat,
255 2191 302 2246 sed
315 2192 393 2248 etiam
403 2192 530 2247 finitimas
543 2191 662 2264 regiones
674 2189 799 2256 vexabat,
815 2196 849 2254 et,

49 2283 119 2338 quae
138 2266 194 2340 regi
213 2274 389 2338 portarentur,
410 2266 564 2339 abripiebat.
603 2269 629 2322 3.
650 2266 782 2332 Datames,
803 2263 852 2320 etsi

49 2341 129 2416 longa
139 2341 227 2396 aberat
236 2341 270 2396 ab
279 2342 322 2396 his
331 2342 497 2416 regionibus,
513 2340 706 2398 etamaiorera
719 2340 853 2396 abstrahe-

48 2417 144 2482 batur,
158 2423 245 2473 tamen
255 2417 326 2490 ragis
335 2417 462 2473 voluntati
472 2433 572 2472 morem
584 2415 729 2492 gerendum
739 2416 850 2488 putavit.

49 2493 143 2564 ltaque
152 2508 214 2547 cum
224 2492 328 2564 paucis,
345 2492 467 2548 sedviris
477 2491 602 2558 fortibus,
619 2509 715 2548 narem
728 2509 853 2547 conscen-

50 2567 103 2624 dit:
125 2567 295 2634 existimans,
310 2567 338 2622 id
347 2567 420 2641 quod
429 2567 536 2633 accidit,
548 2565 651 2622 facilius
661 2585 690 2622 sa
699 2565 853 2638 impruden-

50 2649 103 2698 tem
112 2659 196 2716 parva
206 2659 289 2698 manu
302 2659 504 2716 oppressurum,
520 2659 601 2714 quam
611 2649 745 2714 paratum,
757 2656 853 2712 quam·

51 2719 337 2794 rismagnoexeroitu.
368 2721 394 2799 l,
414 2718 468 2774 llac
477 2716 578 2773 delatus
588 2717 616 2772 in
626 2715 854 2789 ciliciamegres·
